1770 2984
120 178 170 226 27ss
384 168 613 212 EPISTULARUM
665 204 673 220 ,

68 342 93 383 et
121 337 159 385 irc
172 335 241 383 viam
255 349 305 396 qua
317 342 443 383 monstret
456 346 549 395 eques:
566 336 730 396 veneticus,
746 350 779 384 ex
792 349 836 398 que

121 432 237 486 tompore
251 422 380 472 cervinam
392 421 486 485 pellem
498 421 612 471 latravit
624 423 654 470 in
670 425 753 484 aule,

121 511 216 560 militat
229 511 257 560 in
270 512 340 559 silvis
353 510 466 560 catulus.
492 524 564 558 nunc
578 509 684 563 adhibe
698 529 769 576 pure

120 607 224 661 pectore
237 598 314 648 verba
327 613 397 662 puer,
410 612 479 647 nuuc
491 604 517 646 te
529 597 696 650 melioribus
711 602 795 654 offer.

122 702 172 748 quo
186 688 265 737 semel
278 697 316 737 est
328 686 428 736 imbute
440 700 527 735 recens
540 689 662 738 servabit
677 691 792 741 odorem

68 784 94 822 ro
122 784 186 825 testa
199 776 259 827 diu.
286 775 378 838 quodsi
391 789 472 824 cessas
485 780 667 826 sutstrennus
682 781 789 840 conteis,

121 879 168 914 nec
182 866 282 913 tardum
296 864 419 928 opperior
431 877 478 913 nec
491 863 721 925 praecedentibus
735 871 819 919 insto.

417 1058 577 1066 ———

468 1250 517 1300 III.

122 1468 173 1517 Iuli
188 1467 279 1527 Flore,
296 1465 390 1528 quibus
404 1472 529 1514 terrarum
542 1463 640 1514 militet
653 1469 713 1517 oris

122 1556 244 1606 Claudius
257 1553 368 1618 Augusti
381 1553 527 1616 privignus,
541 1550 607 1600 scire
619 1551 735 1604 laboro.

124 1644 259 1692 Thracane
272 1657 317 1691 vos
330 1641 481 1703 Hebrusque
492 1639 572 1689 nivali
585 1644 723 1704 compede
735 1648 854 1707 vinctus,

125 1748 158 1781 an
172 1733 237 1781 freta
251 1731 349 1780 vicinas
362 1730 429 1779 inter
442 1728 571 1778 currentia
583 1728 680 1790 turris,

84 1828 96 1866 c
125 1839 158 1870 an
171 1822 279 1884 pingues
291 1820 369 1868 Asiae
383 1818 469 1882 campi
482 1817 610 1880 collesque
625 1826 792 1872 morantur?

125 1911 186 1972 quid
199 1909 312 1958 studiosa
325 1908 417 1956 cohors
431 1921 539 1970 operum
556 1906 651 1955 struit?
671 1909 730 1960 hoc
745 1927 870 1976 quoque<

125 1999 182 2060 quis
196 2000 244 2047 sihi
259 2013 296 2047 res
310 2005 393 2059 gestas
406 1995 517 2060 Augusti
530 1994 641 2044 scribere
654 1998 762 2048 sumit?

125 2085 194 2134 bella
207 2087 264 2148 quis
278 2095 302 2135 et
315 2099 390 2148 paces
404 2085 511 2148 longum
524 2082 649 2132 diffundit
661 2084 691 2133 in
706 2092 828 2139 aevum?

126 2174 188 2234 quid
201 2175 299 2232 Titius,
315 2173 433 2221 Romana
446 2172 516 2222 brevi
529 2180 651 2222 venturus
664 2173 694 2221 in
710 2179 783 2226 ora?

73 2268 98 2305 10
126 2260 258 2308 Pindarici
272 2261 352 2310 fontis
366 2262 476 2324 quinon
490 2260 619 2323 expalluit
632 2260 765 2325 haustus,

126 2347 241 2396 fastidire
254 2348 325 2397 lacus
338 2357 363 2398 et
376 2351 442 2399 rivos
456 2364 531 2398 ausus
544 2357 660 2412 apertos.

126 2446 154 2484 ut
167 2435 253 2484 valet?
272 2445 300 2485 ut
313 2438 429 2486 meminit
442 2437 539 2487 nostrii
559 2438 684 2489 fidibusne
699 2440 814 2497 Latinis

127 2523 266 2573 Thebanos
279 2533 366 2586 aptare
380 2528 470 2576 modos
482 2526 566 2576 studet
579 2528 683 2590 auspice
698 2545 796 2596 musa,

128 2627 161 2660 an
174 2614 272 2677 tragica
286 2613 399 2663 desaevit
412 2623 436 2664 et
450 2614 608 2678 ampullatur
620 2616 647 2664 in
661 2620 737 2668 arte?
