1784 3000
385 205 479 246 LIBER
489 206 512 244 I.
767 216 816 262 211

70 376 276 427 concurrantque
290 367 347 414 foro
361 367 409 415 tria
423 367 514 416 funera
527 382 636 432 magna,
652 369 753 418 sonabit

69 468 167 501 cornua
180 454 248 516 quod
261 455 397 517 vincatque
410 456 498 504 tubas:
513 457 603 505 saltem
616 464 685 508 tenet
696 458 746 507 hoc
759 451 831 511 nos.'

68 557 137 590 nunc
151 543 237 591 adme
251 543 325 592 redeo
339 543 458 592 libertino
471 551 543 607 patre
556 553 661 605 natum,

69 645 146 692 quem
158 632 253 680 rodunt
266 646 353 681 omnes
365 633 485 682 libertino
499 641 571 696 patre
584 641 690 695 natum,

68 735 137 766 nunc
151 720 212 782 quia
224 736 280 768 sum
294 720 358 778 tibi,
373 721 525 780 Maecenas,
541 722 688 783 convictor,
703 730 729 771 at
742 725 804 773 olim

68 807 137 868 quod
151 808 215 855 mihi
229 817 329 870 pareret-
340 809 409 872 legio
422 809 541 857 Romana
553 808 672 859 tribuno.

67 895 191 944 dissimile
204 896 253 944 hoc
266 897 303 944 iili
318 904 370 958 est,
386 897 448 959 quia
459 912 529 958 non,
544 906 573 947 ut
585 897 659 946 forsit
671 897 797 947 honorem

68 985 124 1032 iure
136 984 200 1032 mihi
213 985 326 1034 invideat
340 986 437 1048 quivis,
453 987 490 1034 ita
503 993 528 1034 te
541 1000 644 1047 quoque
657 987 787 1047 amicum,

65 1074 216 1135 praesertim
230 1082 335 1122 cautum
348 1074 439 1136 dignos
453 1074 600 1134 adsumere,
615 1090 694 1137 prava

65 1161 206 1210 ambitione
219 1163 309 1225 procul
320 1203 326 1214 .
353 1162 456 1211 felicem
469 1164 553 1211 dicere
565 1177 619 1210 non
631 1163 681 1210 hoc

63 1265 104 1298 me
118 1251 229 1312 possim,
245 1266 305 1300 casu
318 1252 388 1314 qnod
402 1260 426 1300 te
440 1251 543 1300 sortitus
556 1251 683 1298 amicum:

62 1338 133 1386 nulla
147 1340 240 1388 etenim
253 1340 319 1388 mihi
332 1347 356 1389 te
369 1339 422 1389 fors
436 1340 544 1398 obtulit3
560 1339 671 1401 optimus
684 1339 748 1387 olim

62 1426 206 1488 Vergilius,
222 1427 359 1490 posthunc
373 1429 467 1477 Varius
480 1429 568 1476 dixere
582 1428 643 1490 quid
657 1443 753 1477 essem.

60 1523 89 1562 ut
101 1516 158 1564 veni
172 1531 274 1574 coram,
290 1517 421 1581 singultim
435 1533 518 1580 pauca
530 1517 631 1565 locutus

59 1603 157 1664 (infans
169 1619 281 1667 namque
294 1606 377 1668 pudor
390 1605 543 1668 prohibebat
556 1606 631 1668 plura
644 1605 753 1668 profari)

59 1706 113 1740 non
125 1706 172 1756 ego
185 1708 226 1740 me
239 1692 308 1741 claro
321 1701 411 1741 natum
425 1701 512 1756 patre,
527 1706 581 1740 non
594 1706 641 1755 ego
655 1693 753 1741 circum

59 1795 100 1828 me
114 1781 268 1829 Satureiano
282 1782 377 1829 vectari
391 1795 450 1828 rura
463 1780 579 1838 caballo,

57 1870 101 1917 sed
115 1871 183 1930 quod
197 1884 267 1918 eram
280 1883 373 1918 narro.
399 1867 553 1931 respondes,
567 1872 596 1915 ut
609 1872 666 1914 tuus
679 1872 715 1914 est
728 1880 793 1925 mos,

57 1972 154 2021 pauca:
170 1955 249 2016 abeo,
265 1966 290 2006 et
301 1972 405 2007 revocas
417 1970 487 2005 nono
501 1961 561 2017 post
573 1967 659 2001 mense
671 1953 795 2015 iubesque

57 2062 109 2095 esse
122 2046 149 2093 in
163 2046 307 2093 amicorum
319 2060 441 2094 numero.
469 2057 591 2106 magnum
604 2041 655 2090 hoc
675 2055 722 2103 ego
738 2041 804 2090 duco

57 2134 125 2196 quod
139 2134 225 2196 placui
238 2133 301 2193 tibi,
317 2133 361 2196 qui
375 2133 444 2196 turpi
457 2132 567 2181 secernis
579 2132 731 2190 honestum,

55 2238 108 2271 non
122 2232 195 2286 patre
208 2223 356 2286 praeclaro,
371 2221 415 2271 sed
427 2223 481 2270 vita
494 2227 519 2269 et
531 2228 635 2284 pectore
647 2233 728 2282 puro.

10 2318 12 2328 ’
57 2312 128 2371 utqui
142 2312 163 2358 si
175 2311 244 2361 vitiis
257 2310 428 2361 mediocribus
441 2325 470 2359 ac
483 2324 542 2358 mea
554 2309 643 2373 paucis

54 2399 177 2446 mendosa
190 2407 226 2448 est
238 2409 346 2461 natura,
362 2400 460 2463 alioqui
472 2405 556 2459 recta,
571 2399 640 2449 velut
651 2399 672 2446 si

55 2488 158 2552 egregio
171 2489 298 2552 inspersos
310 2490 446 2553 reprendas
459 2503 566 2552 corpore
578 2501 681 2547 naevos,

54 2577 74 2623 si
89 2590 172 2638 neque
185 2577 320 2628 avaritiam
333 2593 417 2641 neque
431 2578 513 2627 sordis
525 2592 573 2626 nec
585 2574 653 2624 mala
668 2575 748 2622 lustra

49 2666 146 2713 obiciet
158 2681 214 2715 rere
228 2669 369 2732 quisquam
382 2669 450 2720 mihi
461 2708 469 2733 ,
483 2681 570 2736 nurus
582 2665 735 2717 etinsunst

675 2759 724 2800 aa*
