1770 2984
361 159 455 208 niusa
469 159 494 210 1'.

64 344 125 379 cum
137 329 186 378 tibi
198 329 308 392 flagrans
321 343 395 378 amor
407 337 431 379 et
445 329 527 378 libido

64 431 132 480 quae
144 417 209 467 solet
223 426 316 468 matres
330 418 426 468 furiare
440 432 566 481 equorum

25 510 37 553 3
65 505 159 555 saeviet
172 506 242 554 oiroa
254 506 324 556 ieour
337 506 499 569 ulcerosum,

64 608 118 643 non
130 593 185 643 sine
199 600 290 657 questu

64 734 134 784 laeta
146 735 216 797 quod
229 736 310 799 pubes
321 735 417 785 hedera
429 735 526 786 virente

63 824 176 887 gaudeat
188 821 259 888 pullu
272 824 355 887 magis
368 830 445 886 atque
457 832 557 890 myrto,

64 912 149 961 aridas
162 911 262 962 frondis
275 912 368 963 hiemis
380 910 463 962 sodali

31 1006 38 1047 t
65 1000 166 1050 dedicet
178 1015 256 1054 euro.

359 1178 520 1186 —-—

384 1370 476 1420 XXVI
486 1409 491 1423 .

63 1545 145 1595 Musis
159 1544 257 1595 amicus
268 1546 401 1597 tristitiem
415 1554 440 1597 et
453 1553 534 1596 metus

63 1633 165 1684 tradam
178 1634 303 1697 protervis
315 1635 343 1683 in
356 1650 426 1684 mare
439 1634 571 1685 Creticum

63 1730 168 1785 portare
180 1723 274 1784 ventis,
290 1723 347 1785 quis
359 1722 405 1771 sub
418 1720 498 1772 Aroto

63 1824 110 1858 rex
122 1809 223 1872 gelidae
235 1817 365 1860 metuatur
378 1824 453 1872 orae,

29 1957 36 1996 t
63 1930 125 2012 quid
139 1950 274 2000 Tiridaten
286 1960 396 2011 terreat,
410 1951 487 2000 unice

62 2051 183 2089 securus.
211 2052 226 2087 o
240 2053 308 2101 quae
320 2039 438 2088 fontibus
450 2039 556 2103 integris

62 2126 173 2189 gaudes,
189 2127 291 2190 apricos
303 2135 378 2176 necte
390 2127 478 2188 flores,

60 2222 135 2263 necte
149 2229 208 2263 meo
221 2215 330 2264 Lamiae
343 2230 480 2276 coronam,

60 2355 174 2418 Pimplei
187 2355 280 2405 duleis:
304 2356 341 2404 nil
355 2356 409 2405 sine
421 2364 447 2406 te
459 2359 509 2408 mei

33 2464 34 2476 π
60 2452 169 2506 prosunt
181 2443 305 2493 honores:
326 2444 396 2494 huno
408 2445 502 2494 fidibus
514 2447 601 2507 novis,

61 2530 132 2580 huno
144 2530 237 2581 Lesbio
250 2547 351 2582 sacrare
363 2533 460 2596 plectro

60 2626 137 2681 teque
150 2628 258 2682 tuasque
271 2621 343 2670 decet
355 2635 469 2673 sorores.

87 2722 210 2762 Horatius.
226 2723 266 2765 sd.
281 2724 341 2764 1111.
