1770 2984
364 196 458 236 LIBER
473 196 504 234 11.

59 359 191 420 praerupti
205 358 317 406 nemoris
329 358 469 420 patientem
482 358 565 407 vivere
579 359 673 407 dorso?

59 447 95 494 vis
109 458 136 494 tu
149 446 268 495 homines
281 445 423 508 urbemque
436 444 496 496 feris
508 461 666 510 praeponere
680 447 768 496 silvis?

60 550 136 598 carpe
150 536 235 593 viam,
251 535 316 582 mihi
330 535 421 596 crede,
436 549 537 595 eomes;
552 537 680 585 terrestria
694 537 797 598 quando

58 622 175 672 mortalis
188 624 288 671 animas
302 624 390 672 vivunt
403 624 494 671 sortita
507 638 590 686 neque
603 624 679 673 ullast
791 609 792 613 Ἰ

17 720 43 756 95
59 720 104 759 aut
118 726 213 773 magno
227 719 272 760 aut
286 726 364 774 parvo
377 710 421 760 leti
435 710 512 774 fuga:
529 726 595 773 quo,
610 712 693 772 bone,
709 713 792 774 circa,

58 802 119 847 dum
132 800 207 858 licet,
223 800 250 847 in
263 800 338 848 rebus
351 799 470 847 iucundis
483 799 537 848 vive
551 800 658 859 beatus,

56 888 111 936 vive
126 901 224 936 memor
237 902 317 950 quam
330 887 365 936 sis
378 888 434 936 aevi
447 888 560 937 brevis.”
583 889 647 938 haec
660 887 705 936 ubi
717 889 786 938 dicta

58 985 182 1039 agrestem
196 977 334 1040 pepulere,
350 977 427 1024 domo
440 976 501 1025 levis
514 976 614 1025 exsilit:
629 977 690 1026 inde

58 1064 137 1112 ambo
150 1065 312 1127 propositum
326 1074 451 1129 peragunt
463 1050 526 1124 iter,
542 1065 612 1114 urbis
624 1073 727 1114 aventes

10 1159 43 1198 roo
61 1153 165 1201 moenia
178 1154 299 1202 nocturni
312 1154 463 1217 subrepere.
484 1153 587 1215 iamque
600 1153 703 1203 tenebat

59 1255 114 1288 nox
128 1241 243 1289 medium
256 1241 322 1290 caeli
335 1242 461 1305 spatium,
477 1257 535 1290 cnm
548 1242 624 1305 ponit
635 1249 742 1303 uterque

57 1329 84 1376 in
99 1328 225 1391 locuplete
239 1329 318 1378 domo
331 1331 455 1393 vestigia,
469 1331 546 1379 rubro
560 1330 605 1379 nbi
618 1344 696 1379 cocco

57 1417 139 1465 tincta
152 1417 320 1480 superiectas
334 1421 453 1469 canderet
467 1419 543 1469 vestis
556 1419 681 1479 eburnos,

58 1504 191 1567 multaque
205 1505 236 1555 de
249 1521 345 1569 magua
357 1517 516 1571 superessent
529 1507 630 1556 fercula
642 1521 721 1568 cena,

10 1600 43 1637 tot
59 1608 125 1653 quae
139 1594 229 1656 procul
243 1596 379 1644 exstructis
391 1596 493 1644 inerant
505 1597 625 1645 hesterna
638 1595 769 1645 canistris.

57 1696 118 1744 ergo
132 1681 177 1729 ubi
189 1697 319 1745 purpurea
331 1690 478 1746 porrectum
491 1685 518 1731 in
531 1691 598 1733 veste
611 1684 706 1731 locavit

58 1778 197 1832 agrestem,
214 1771 292 1820 veluti
305 1772 448 1819 succinctus
461 1772 567 1819 cursitat
579 1771 671 1833 hospes

58 1859 242 1920 continuatque
256 1859 333 1921 dapes
346 1873 392 1907 nec
405 1873 458 1906 non
471 1858 603 1907 verniliter
615 1858 678 1921 ipsis

57 1946 175 2008 fungitur
189 1947 300 2007 officiis,
314 1946 492 2009 praelambens
505 1960 581 1995 omne
594 1946 663 2008 quod
676 1944 774 1995 adfert.

10 2042 42 2078 uo
58 2034 101 2082 ille
115 2035 211 2082 cubans
223 2035 319 2097 gaudet
332 2042 431 2082 mutata
443 2043 510 2082 sorte
522 2034 649 2095 bonisque

58 2121 135 2170 rebus
148 2123 203 2184 agit
216 2121 312 2170 laetum
325 2122 474 2182 convivam,
490 2137 548 2171 cum
560 2120 646 2171 subito
658 2121 748 2184 ingens

60 2210 190 2258 valvarum
203 2211 323 2272 strepitus
336 2210 409 2260 lectis
422 2211 534 2259 excussit
547 2217 696 2273 utrumque.

59 2312 160 2346 currere
174 2312 218 2360 per
232 2306 315 2347 totum
328 2299 415 2362 pavidi
429 2297 564 2361 conclave,
579 2299 711 2364 magisque

59 2385 192 2433 exanimes
206 2387 349 2449 trepidare,
363 2387 439 2436 simul
453 2389 545 2436 domus
557 2387 610 2437 alta
622 2387 741 2436 Molossis

10 2482 42 2519 ,15
58 2474 190 2536 personuit
202 2473 324 2524 canibus.
351 2484 406 2525 tum
419 2477 527 2526 rusticus
538 2476 631 2525 “haud
644 2477 709 2525 mihi
722 2475 774 2523 vita

57 2570 94 2610 est
108 2575 173 2625 opus
186 2553 255 2610 hac'’
268 2564 305 2612 ait
318 2572 343 2613 et
354 2557 474 2614 “valeas:
490 2580 532 2613 me
545 2566 607 2614 silva
620 2578 747 2626 carusque

57 2659 126 2698 tutus
140 2650 172 2697 ab
186 2650 288 2700 insidiis
301 2653 371 2702 tenui
385 2653 511 2702 solabitur
524 2667 586 2703 ervo
595 2645 619 2705 .’'

348 2759 513 2767 ““-““
666 2754 713 2791 W*
