1770 2984
116 185 168 233 300
382 136 600 221 uersumsnnu

117 343 252 392 virbonus
266 349 290 391 et
303 342 406 406 sapiens
418 341 524 391 audebit
535 340 621 390 dicere
634 342 788 406 Teuthea,

119 441 202 481 rector
213 431 377 491 Thebarum,
392 430 455 494 qnid
468 444 510 479 me
521 428 635 492 perferre
648 432 761 496 patique

64 528 90 566 to
118 521 254 582 indignum
267 518 374 582 cogesi'
385 519 513 568 ‘adimam
525 517 617 567 bona.²
628 517 743 584 ‘nempe
755 535 840 585 pecus,
848 528 882 575 τῆ-

117 608 214 668 lectos,
229 614 377 669 argentum.
404 605 577 656 tollaslioet.'
600 605 641 654 ‘in
655 609 772 660 manicis
786 617 817 658 et
880 634 882 675 3

119 696 287 760 compedibus
299 709 375 745 saevo
388 703 414 745 te
425 695 472 744 sub
486 694 589 744 custode
602 690 719 746 tenebo?

118 785 185 848 ‘ipse
198 785 275 845 deus,
290 783 367 834 simul
377 792 456 846 atque
468 783 570 843 volam,
591 797 632 832 me
645 783 731 834 solvet
737 778 756 834 .'
782 787 864 851 opinor

119 874 170 921 hoc
183 874 274 933 sentit,
288 866 400 920 ‘moriar
410 862 425 923 .’
450 886 520 921 mors
532 871 625 920 ultima
636 871 707 921 linea
722 882 846 925 rerumst.

415 1068 573 1076 ...---

452 1260 533 1310 XVII
539 1297 545 1308 .

122 1471 261 1533 Quamvis,
277 1471 390 1535 Scaeva,
403 1475 464 1523 satis
475 1488 521 1537 per
534 1481 559 1522 te
572 1471 618 1520 tibi
632 1471 745 1520 consulis
759 1482 786 1523 et
799 1475 849 1524 reis

123 1575 174 1622 qno
188 1561 291 1610 tandem
304 1570 381 1625 pacto
395 1563 485 1612 deceat
496 1561 637 1611 maioribus
648 1561 703 1619 uti,

124 1650 206 1709 disce,
222 1650 353 1699 docendus
366 1650 451 1699 adhuc
465 1665 530 1713 qnae
543 1657 628 1699 censet
641 1648 782 1709 amiculus,
797 1658 826 1698 ut
839 1651 861 1698 si

125 1752 215 1787 caecus
227 1738 275 1788 iter
288 1746 432 1788 monstrare
444 1738 519 1787 velit:
534 1746 622 1787 tumen
634 1736 738 1799 adspice
751 1738 837 1800 siquid

85 1829 96 1867 ⁶
125 1837 149 1875 et
161 1842 208 1876 nos
221 1829 291 1890 quod
304 1843 375 1877 cures
388 1827 522 1890 proprium
535 1826 624 1876 fecisse
635 1825 788 1887 loquamur.

125 1917 146 1962 si
158 1924 183 1965 te
196 1925 268 1980 grata
282 1917 353 1979 quies
365 1924 389 1964 et
401 1915 512 1978 primam
525 1929 631 1963 somnus
643 1914 670 1962 in
684 1913 777 1961 horam

50 2005 80 2011 ””
126 2004 250 2066 delectat,
263 2005 285 2053 si
297 2013 321 2054 te
334 2004 418 2067 pulvis
429 2005 600 2067 strepitusque
612 2010 745 2060 rotarum,

125 2093 145 2140 si
159 2093 238 2142 laedit
251 2107 386 2156 caupona,
401 2092 567 2140 Ferentinum
579 2091 616 2139 ire
629 2089 737 2138 iubebo.

126 2194 187 2228 nam
200 2196 283 2243 neque
297 2181 418 2231 divitibus
431 2180 584 2243 contingunt
597 2178 691 2243 gaudia
705 2176 782 2236 solis,

73 2273 98 2309 1⁰
125 2282 172 2316 nec
184 2268 249 2316 vixit
262 2269 345 2329 mele,
360 2269 404 2331 qui
417 2276 493 2317 nutus
505 2267 670 2329 moriensque
681 2264 789 2314 fefellit.

126 2357 146 2404 si
159 2355 277 2418 prodesse
290 2357 340 2405 tuis
352 2355 492 2419 paulloque
504 2355 640 2418 benignius
652 2355 737 2417 ipsum

126 2451 151 2493 te
164 2451 275 2493 tractare
288 2444 372 2502 voles,
388 2443 492 2493 accedes
504 2445 586 2493 siccus
598 2443 631 2491 ad
643 2451 765 2491 unctum.

123 2525 159 2582 ‘si
172 2532 309 2596 pranderet·
322 2530 377 2580 olus
388 2531 532 2595 patienter,
546 2531 649 2597 regibus
661 2532 700 2579 uti

126 2622 208 2670 nollet
220 2621 368 2684 Aristippus
377 2611 392 2668 .'
403 2610 439 2669 ‘si
452 2621 527 2669 sciret
539 2619 641 2684 regibus
655 2620 707 2677 uti,
