1770 2984
122 155 173 227 150
410 172 575 216 curaturum

81 344 94 382 t
124 337 209 401 fruges
222 345 247 387 et
259 338 328 400 agria
341 338 438 387 rettulit
452 337 540 386 uberes

120 433 145 476 et
157 427 230 491 signa
242 434 330 476 nostro
344 427 455 476 restituit
467 425 523 474 Iovi

120 515 224 578 derepta
236 516 393 565 Parthorum
405 513 520 578 superbis

119 602 234 665 postibus
246 612 271 652 et
283 618 392 653 vacuum
405 603 497 652 duellis

120 744 212 793 Ianum
226 743 328 804 Quirini
341 745 432 793 clausit
446 753 470 793 et
484 746 600 793 ordinem

64 839 94 877 10
122 840 219 882 rectum
231 833 350 896 evaganti
363 834 436 882 frena
449 833 567 882 licentiae

119 922 209 971 iniecit
221 923 367 984 emovitque
380 921 470 986 culpas

120 1018 145 1060 et
157 1018 252 1060 veteres
264 1010 391 1059 revocavit
404 1010 464 1059 artie

119 1166 166 1214 per
178 1167 241 1216 quas
253 1152 377 1201 Latinum
389 1165 484 1200 nomen
498 1159 522 1200 et
534 1149 616 1200 Italae

120 1252 219 1289 crevere
232 1241 298 1289 vires
311 1240 432 1303 famaque
445 1247 470 1288 et
483 1240 576 1302 imperi

66 1331 92 1370 1⁶
120 1336 237 1391 porrecta
249 1329 368 1377 maiestas
381 1329 414 1376 ad
427 1334 498 1377 ortus

119 1416 181 1464 solis
194 1416 226 1464 ab
240 1416 364 1480 Hesperio
378 1416 471 1468 cubili.

120 1558 224 1607 custode
237 1573 321 1607 rerum
335 1558 444 1609 Caesare
456 1573 509 1607 nou
521 1557 595 1606 furor

120 1645 201 1695 civilia
215 1652 258 1694 aut
271 1648 308 1695 vis
321 1649 406 1712 exiget
419 1648 515 1706 otium,

120 1749 173 1782 uon
186 1735 238 1796 ira,
255 1750 321 1797 quae
334 1735 453 1799 procudit
465 1735 531 1784 ensis

64 1830 92 1868 ao
121 1831 145 1872 et
157 1825 264 1874 miseras
277 1825 394 1873 inimicat
406 1823 489 1872 urbis.

120 1981 173 2015 non
186 1968 230 2029 qui
244 1967 403 2030 profundum
416 1965 565 2014 Danuvium
578 1963 670 2012 bibunt

121 2054 204 2103 edicta
216 2062 335 2118 rumpent
347 2054 428 2114 Iulia,
444 2068 496 2102 non
510 2051 604 2112 Getae,

120 2156 174 2189 non
188 2139 259 2191 Seres
272 2143 374 2191 infidivc
386 2143 493 2201 Persae,

120 2242 173 2277 uon
186 2230 289 2278 Tanain
302 2244 382 2293 prope
396 2230 491 2278 flumen
504 2230 567 2278 orti.

67 2374 94 2413 25
121 2385 219 2432 nosque
232 2378 257 2418 ct
269 2369 391 2434 profestis
404 2370 504 2420 lucibus
518 2379 542 2420 et
554 2370 632 2420 sacris

121 2459 189 2508 inter
200 2459 282 2507 iocosi
295 2475 402 2508 munera
414 2459 515 2520 Liberi,

122 2563 181 2596 cum
195 2549 267 2612 prole
281 2549 453 2612 matronisque
467 2549 560 2596 nostris

116 2637 168 2686 rite
180 2639 242 2688 deos
251 2639 325 2703 prius
338 2638 482 2703 adprecati,
