1784 3000
420 117 514 158 Iussu
528 119 550 159 1.

109 280 155 342 qui
169 294 200 327 ne
215 279 348 329 tuberibus
360 282 473 344 propriis
487 280 600 330 offendat
613 281 727 330 amicum

110 367 238 431 postulat,
253 369 369 432 ignoscet
382 370 492 418 verrucis
504 369 590 418 illins:
606 377 742 432 aequumst

49 465 79 504 '15
109 458 223 520 peccatis
235 458 337 505 veniam
349 465 497 521 poscentem
509 459 613 508 reddere
626 474 725 508 rursus.

109 546 234 607 denique,
251 553 377 607 qnatenus
392 547 476 595 excidi
489 548 591 610 penitus
603 547 695 596 vitium
707 549 775 608 irae,

110 643 196 684 cetera
208 636 270 683 item
283 642 414 696 nequeunt
426 635 510 683 stultis
521 635 669 695 haerentia,
685 651 730 685 cnr
742 649 795 683 non

110 723 268 786 ponderibus
281 723 443 785 modulisque
456 725 507 772 suis
520 725 587 772 ratio
600 724 681 773 utitur
694 739 724 772 ac
737 738 776 772 res

110 821 139 860 ut
153 826 270 873 quaeque
284 820 321 859 est
334 811 369 860 ita
382 812 518 875 suppliciis
530 812 624 862 delicta
636 811 754 861 coercet?

110 901 191 962 siquis
204 915 263 949 eum
276 915 390 961 servum,
406 902 523 964 patinam
536 901 580 963 qui
593 901 682 951 tollere
694 902 777 949 iussus

111 1004 223 1039 semesos
236 989 312 1052 piscis
324 991 492 1052 tepidumque
504 972 644 1053 ligurrierit
655 990 708 1050 ins,

111 1080 140 1127 in
153 1093 226 1127 cruce
239 1078 357 1141 suffigat,
372 1077 495 1127 Labeone
507 1079 622 1127 insanior
633 1079 700 1126 inter

111 1182 189 1216 sanos
203 1168 316 1216 dicatur.
344 1175 441 1229 quanto
455 1167 505 1215 hoc
518 1166 639 1215 furiosius
653 1174 730 1228 atque

113 1257 197 1305 mains
209 1263 345 1318 peccatum
358 1264 410 1305 est:
433 1255 551 1319 paullum
565 1256 672 1317 deliquit
684 1255 796 1315 amicus,

72 1349 81 1360 '
114 1344 247 1406 quodnisi
261 1345 400 1404 concedas,
415 1345 526 1394 habeare
538 1344 664 1393 insuavis:
686 1343 793 1394 acerbus

113 1433 192 1481 odisti
205 1441 229 1481 et
242 1433 311 1496 fugis
324 1440 352 1481 ut
364 1432 496 1481 Rusonem
509 1433 609 1481 debitor
621 1434 700 1492 aeris,

113 1522 158 1583 qui
171 1521 234 1581 nisi,
250 1537 308 1569 cum
320 1522 402 1570 tristes
416 1521 508 1570 misero
521 1535 612 1569 venere
625 1521 762 1583 calendae,

114 1610 258 1659 mercedem
272 1617 316 1658 aut
328 1624 447 1658 nummos
459 1610 527 1659 unde
539 1609 607 1656 unde
621 1611 745 1671 extricat,
760 1625 860 1659 amaras

113 1707 232 1762 porrecto
245 1698 335 1762 iugulo
348 1698 470 1747 historias
483 1697 598 1760 captivus
611 1705 640 1745 ut
652 1697 737 1748 audit.

113 1788 260 1837 conminxit
272 1787 367 1835 lectum
379 1793 456 1849 potus
466 1800 584 1835 mensave
598 1785 714 1834 catillum

113 1878 231 1926 Euandri
244 1876 362 1925 manibus
374 1876 463 1924 tritum
476 1874 583 1924 deiecit:
606 1874 638 1921 ob
652 1875 720 1922 hanc
732 1889 800 1935 rem,

114 1975 158 2014 aut
172 1966 286 2028 positum
300 1971 357 2013 unte
370 1979 428 2013 mea
442 1964 504 2025 quia
515 1963 616 2025 pullum
628 1963 655 2011 in
668 1970 740 2025 parte
753 1963 833 2012 catini

113 2055 214 2103 sustulit
227 2053 352 2113 esuriens,
369 2053 454 2101 minus
467 2052 516 2100 hoc
529 2052 657 2099 iucundus
669 2052 766 2101 amicus

114 2143 148 2191 sit
160 2141 244 2191 mihi?
263 2142 325 2203 quid
338 2141 435 2189 faciam
448 2140 470 2188 sl
482 2140 580 2189 furtum
593 2139 683 2188 fecerit
695 2147 740 2188 aut
753 2141 775 2189 si

113 2231 257 2294 prodiderit
270 2230 398 2277 conmissa
411 2228 461 2277 lide
474 2242 627 2290 sponsumve
640 2229 756 2293 negarit?

114 2320 171 2382 quis
184 2317 257 2381 paria
271 2332 323 2366 esse
337 2318 391 2366 fere
404 2317 502 2380 placuit
515 2323 632 2378 peccata,
647 2316 768 2365 laborant

113 2423 172 2456 cum
197 2416 302 2455 ventum
327 2406 360 2454 ad
378 2420 466 2453 verum
485 2412 536 2453 est:
564 2418 651 2452 sensns
670 2417 806 2466 moresque
824 2418 863 2453 re-

485 2499 606 2559 pugnant

116 2593 187 2646 uque
198 2584 258 2648 ipsa
271 2585 388 2650 utilitas,
404 2586 469 2638 iusti
482 2597 571 2652 prope
581 2585 669 2630 mater
686 2583 718 2622 es
726 2569 830 2626 usum-
