1770 2984
371 340 464 396 arara
479 357 503 396 1.

61 518 213 577 Canidiam,
228 517 337 580 pedibus
350 519 424 567 nudis
436 534 563 582 passoque
576 523 687 585 capillo,

10 613 32 651 ts
61 622 120 655 cum
134 605 238 669 Sagana
251 607 348 655 maiore
362 606 517 659 ululantem.
544 609 628 670 pallor
641 621 759 674 utrasque

60 696 157 744 fecerat
169 695 307 743 horrendas
320 696 456 758 adspectu.
483 697 595 760 scalpere
607 707 702 748 terram

61 783 190 846 unguibus
204 790 229 832 et
241 783 340 845 pullam
353 783 472 832 divellere
485 786 617 835 mordicus
630 803 725 850 agnam

61 877 215 936 coeperunt:
231 885 305 920 eruor
317 871 345 920 in
358 871 455 921 fossam
468 873 604 934 confusus,
620 876 720 925 atinde

62 961 144 1009 manis
156 959 276 1010 elicerent
289 960 389 1009 animas
400 975 523 1024 responsa
536 963 652 1012 daturas.

61 1049 135 1098 lanea
148 1056 173 1098 et
185 1047 284 1109 efligies
296 1055 367 1109 erat,
382 1049 463 1098 altera
475 1064 563 1100 cerea:
580 1053 663 1100 maior

61 1138 151 1199 lanea,
168 1151 233 1198 quae
246 1137 336 1199 poenis
349 1147 512 1201 conpesceret
524 1139 688 1201 inferiorem3

62 1240 135 1275 cerea
147 1224 297 1288 suppliciter
309 1226 408 1286 stabat,
422 1226 554 1276 servilibus
566 1236 595 1277 ut
607 1244 673 1291 quae

62 1316 116 1363 iam
129 1314 244 1376 peritura
257 1313 354 1362 modis.
381 1312 497 1363 Hecaten
509 1324 583 1365 vocat
596 1317 693 1377 altera,
708 1332 810 1366 saevam

64 1404 146 1452 altera
159 1400 336 1464 Tisiphonen.
364 1411 492 1465 serpentes
505 1412 582 1466 atque
594 1405 692 1454 uideres

63 1492 179 1540 infernas
191 1503 275 1538 errare
288 1490 359 1538 oanis
371 1490 510 1553 lunamque
523 1493 671 1552 rubentem,

63 1595 96 1629 ne
109 1580 176 1629 foret
189 1579 228 1628 his
240 1581 327 1642 testis,
341 1588 399 1643 post
411 1594 507 1642 magna
520 1581 600 1630 latere
612 1584 741 1644 sepulcra.

63 1671 175 1719 mentior
187 1677 214 1718 at
225 1669 325 1732 siquid,
340 1670 434 1719 merdis
447 1678 525 1733 caput
536 1671 655 1732 inquiner
667 1670 732 1719 albis

64 1773 200 1808 corvorum
212 1765 290 1820 atque
302 1757 329 1804 in
343 1772 384 1806 me
396 1758 482 1808 veniat
494 1760 601 1808 mictum
614 1768 691 1821 atque
704 1768 822 1808 cacatum

63 1848 160 1907 Iulius,
175 1855 200 1895 et
212 1845 311 1907 fragilis
324 1844 456 1905 Pediatia,
471 1845 562 1908 furque
575 1846 708 1897 Vorenus.

64 1936 166 2000 singula
179 1934 242 1997 quid
255 1947 409 1991 memorem,
425 1948 477 1995 qno
489 1940 565 1996 pacto
580 1935 677 1983 alterna
690 1935 825 1996 loquentes

64 2024 170 2072 umbrae
183 2037 243 2071 cam
256 2019 358 2083 Sagana
371 2021 512 2070 resonarint
524 2022 595 2070 triste
608 2030 633 2071 et
645 2030 763 2081 acutum,

64 2121 143 2173 utque
155 2111 210 2174 lupi
223 2109 331 2158 barbam
344 2109 430 2158 variae
443 2123 502 2157 cum
515 2110 590 2158 dente
602 2108 723 2158 colubrae

64 2199 212 2248 abdiderint
224 2198 315 2246 fartim
328 2198 416 2258 terris,
431 2204 456 2247 et
469 2197 582 2262 imagine
595 2212 670 2247 cerea

64 2288 160 2350 largior
173 2287 262 2335 arserit
274 2287 358 2350 ignis,
374 2295 400 2335 et
412 2294 441 2335 ut
453 2299 507 2334 non
519 2285 589 2334 testis
603 2285 698 2334 inultus

65 2375 211 2424 horruerim
223 2389 298 2424 voces
311 2375 438 2423 furiarum
452 2383 477 2424 et
489 2374 560 2424 facta
572 2374 699 2424 duarum?

65 2480 125 2513 nam
138 2463 250 2528 displosa
262 2471 336 2511 sonat
350 2470 475 2526 quantum
488 2464 572 2512 vesica
584 2463 675 2527 pepedi

65 2552 161 2601 diffissa
173 2561 234 2601 nate
246 2552 322 2600 ficus:
338 2559 365 2601 at
376 2551 437 2600 illae
449 2566 550 2600 currere
562 2552 589 2599 in
603 2551 705 2601 urbem.

66 2641 191 2690 Canidiae
205 2641 300 2701 dentis,
316 2640 396 2690 altum
410 2638 527 2704 Saganae
540 2641 699 2689 caliendrum

66 2730 184 2779 excidere
197 2739 275 2792 atque
288 2729 381 2778 herbas
394 2736 472 2791 atque
484 2729 617 2778 incantata
629 2728 730 2777 lacertis

13 2826 38 2864 oo
66 2818 169 2866 vincula
181 2833 240 2866 oum
253 2831 348 2882 magno
360 2817 464 2879 risuque
475 2818 586 2879 iocoque
598 2817 709 2865 videres.
