1770 2984
374 379 467 421 LIBER
480 381 505 421 Ι.

64 553 141 602 saepe
154 540 233 589 tribus
246 540 318 590 lectis
332 543 418 591 rideas
432 556 524 592 cenare
537 552 691 606 quaternos,

67 643 80 676 e
94 628 187 690 quibus
201 645 266 678 unus
279 637 348 679 amet
360 632 448 693 quavis
461 632 611 696 adspergere
625 641 730 682 cunctos

65 724 238 779 praeteream
251 719 296 780 qui
308 720 413 782 praebet
426 734 536 781 aquam3
558 722 697 783 posthunc
711 737 814 784 quoque

439 815 530 870 potus,

66 894 172 942 condita
186 909 245 941 cum
257 908 336 943 verax
349 896 431 958 aperit
444 896 595 956 praecordia
609 896 704 948 Liber.

15 989 48 1026 9ο
66 982 109 1029 hic
122 982 171 1030 tibi
184 983 266 1031 comis
278 990 303 1032 ct
316 982 429 1031 urbanus
442 983 558 1045 liberque
571 984 685 1044 videtur,

65 1069 158 1118 infesto
172 1071 268 1134 nigris:
292 1086 339 1136 ego
353 1073 373 1120 si
387 1072 447 1131 risi,
463 1073 533 1134 quod
546 1073 648 1135 ineptus

65 1159 181 1220 pastillos
194 1160 303 1208 Rufillus
317 1161 383 1220 olet,
401 1160 545 1224 Gorgonius
558 1161 675 1219 hircum,

65 1248 159 1295 lividus
173 1257 197 1297 et
210 1249 321 1296 mordax
334 1249 421 1298 videor
435 1243 506 1298 tibi?
526 1250 624 1297 mentio
637 1250 711 1310 siqua

65 1337 96 1384 de
111 1335 253 1399 Capitolini
266 1337 340 1385 furtis
352 1337 447 1385 iniecta
460 1337 547 1386 Petilli

16 1427 47 1466 95
65 1432 90 1472 te
104 1439 192 1472 coram
205 1426 296 1484 fucrit,
313 1425 435 1474 defendas
447 1434 475 1474 ut
488 1433 546 1473 tuus
559 1435 596 1474 est
609 1440 679 1473 mos:

64 1512 120 1562 ‘me
134 1512 296 1576 Capitolinus
310 1515 457 1562 convictore
470 1530 529 1562 usus
543 1514 680 1576 amicoque

65 1616 80 1647 a
94 1616 173 1663 puero
188 1610 240 1662 est,
256 1617 383 1665 causaque
396 1618 454 1652 mea
466 1602 593 1666 permulta
607 1610 711 1666 rogatus

64 1689 141 1750 fecit,
157 1699 182 1739 et
194 1691 332 1739 incolumis
344 1692 426 1739 laetor
439 1693 508 1753 quod
523 1692 583 1739 vivit
595 1691 623 1739 in
635 1691 711 1739 urbe:

63 1778 106 1826 sed
121 1786 206 1827 tamen
220 1779 333 1827 admiror
347 1794 398 1842 quo
412 1789 487 1841 pacto
501 1780 628 1828 iudicium
640 1779 704 1827 illud

10 1870 46 1908 ‚00
63 1865 160 1929 fugerit
169 1860 185 1913 .'
210 1867 252 1916 hic
265 1868 356 1929 nigrae
369 1883 444 1916 sucus
457 1868 594 1931 lolliginis,
610 1867 675 1915 haec
689 1877 726 1916 est

63 1969 160 2017 aerugo
174 1970 257 2004 mera.
286 1957 353 2018 quod
369 1956 458 2004 vitium
471 1957 561 2019 procul
575 1956 646 2004 afore
660 1955 772 2014 chartis,

62 2051 140 2104 atque
153 2045 239 2092 animo
253 2045 338 2106 prius,
354 2052 382 2092 ut
394 2045 478 2107 siquid
492 2046 641 2107 promittere
654 2044 685 2091 de
699 2058 739 2091 me

61 2144 165 2192 possum
179 2132 250 2179 aliud
263 2147 335 2190 vere,
352 2133 489 2196 promitto.
516 2133 621 2181 liberius
633 2132 655 2179 si

61 2220 152 2268 dixero
166 2221 242 2281 quid,
258 2221 279 2268 si
292 2221 358 2270 lorte
371 2221 496 2280 iocosius,
512 2221 561 2269 hoc
574 2220 639 2268 mihi
652 2221 714 2268 iuris

10 2312 44 2352 ,05
62 2323 121 2356 cum
136 2308 210 2357 venia
223 2309 309 2357 dabis:
332 2310 441 2358 insuerit
453 2318 527 2373 pater
541 2309 652 2371 optimus
664 2308 714 2356 h‘oc
727 2324 783 2369 me,

60 2404 90 2443 ut
102 2396 218 2460 fugerem
232 2398 354 2461 exemplis
367 2399 488 2447 vitiorum
502 2412 618 2460 quaeque
632 2398 760 2446 notando.

61 2500 121 2533 cum
135 2500 176 2533 me
189 2486 350 2548 hortaretur,
365 2501 441 2550 parce
455 2487 588 2551 frugaliter
602 2493 678 2548 atque

60 2573 172 2622 viverem
185 2575 223 2622 uti
236 2582 370 2624 contentus
384 2589 414 2623 eo
428 2576 497 2637 quod
512 2575 548 2623 mi
560 2575 614 2638 ipse
627 2583 757 2638 parasset,

59 2660 161 2709 ‘nonne
175 2661 259 2722 vides,
274 2661 338 2711 Albi
351 2672 380 2711 ut
393 2664 460 2712 male
473 2665 541 2712 vivat
554 2664 634 2723 filius,
651 2672 730 2724 utque

10 2755 45 2792 uo
60 2749 143 2798 Burus
155 2749 250 2812 inops?
268 2766 391 2816 magnum
404 2752 602 2810 documentum,
618 2766 650 2800 ne
664 2751 776 2814 patriam
789 2765 842 2798 rem

60 2837 165 2900 perdere
179 2839 236 2900 quis
248 2839 337 2888 relit’:
359 2855 374 2888 a
386 2841 457 2902 turpi
471 2840 612 2888 meretricis
624 2854 713 2887 amore
