1770 2984
359 163 453 204 malta
467 165 491 204 1.
748 169 797 218 193

13 336 35 375 >5
53 343 131 390 quum
145 341 255 374 mercem
270 325 388 374 ostendi?
406 326 520 390 leporem
534 336 640 376 venator
652 336 680 375 ut
694 329 746 376 altu

52 416 79 463 in
92 416 150 463 nive
163 422 284 474 sectetur,
298 414 411 476 positum
425 416 462 464 sic
474 425 579 480 tangere
593 416 672 474 nolit,

53 512 153 562 cantat,
169 511 193 551 et
206 502 315 564 adponit
327 503 411 551 ‘meus
424 513 461 552 est
474 519 547 552 amor
560 505 622 553 huic
634 504 739 553 similis:
761 520 822 553 nam

52 590 193 640 transvolat
205 591 232 638 in
245 590 331 638 medio
344 591 430 653 posite
442 600 467 640 et
480 592 607 656 fugientia
620 585 731 655 captat,'

54 679 153 727 hiscine
166 679 298 728 versiculis
311 693 397 742 speras
411 679 458 728 tibi
471 693 545 741 posse
559 680 660 729 dolores

11 779 39 816 ro
56 776 134 830 atque
147 774 231 816 aestus
245 782 369 829 curasque
382 769 467 831 gravis
480 782 493 816 e
506 776 610 831 pectore
622 768 697 816 tolli?

54 870 155 916 nonne,
172 856 336 918 cupidinibus
348 863 444 904 statuat
456 864 550 904 natura
564 857 670 904 modum
683 871 772 917 quem,

56 945 118 1007 quid
131 945 217 991 latura
230 944 292 1006 sibi,
309 944 371 1007 quid
385 944 418 992 sit
431 943 557 1003 dolitura,
573 954 708 1008 negatum,

56 1047 178 1095 quaerere
191 1032 249 1095 plus
262 1033 365 1095 prodest
377 1040 402 1082 et
414 1033 491 1081 inane
504 1033 653 1082 abscindere
666 1033 758 1081 soldo?

56 1136 133 1181 num,
148 1121 195 1170 tibi
208 1136 268 1169 curn
280 1120 364 1169 faucis
377 1122 429 1171 urit
441 1122 509 1182 sitis,
523 1136 604 1170 aurea
617 1122 718 1183 quaeris

12 1222 41 1260 16
57 1208 171 1272 pocula?
189 1224 252 1257 num
265 1209 379 1257 esuriens
392 1209 493 1259 fastidis
506 1209 596 1257 omnia
609 1217 711 1272 praeter

57 1311 183 1361 pavonem
197 1297 403 1360 rhombumque?
422 1307 523 1348 tument
535 1297 584 1346 tibi
597 1313 656 1346 cum
669 1298 789 1362 inguina,

430 1402 507 1448 num,
523 1387 545 1435 si

57 1475 152 1524 ancilla
165 1483 210 1524 aut
222 1489 301 1523 verna
313 1483 350 1527 est
362 1482 464 1538 praesto
477 1490 556 1538 puer,
571 1475 682 1539 impetus
695 1476 721 1523 in
735 1490 812 1538 quem

58 1565 183 1613 continuo
197 1563 255 1623 fiat,
270 1564 345 1612 malis
358 1565 483 1628 tentigine
495 1564 599 1627 rumpi?

59 1668 113 1702 non
127 1667 190 1716 ego:
205 1667 317 1714 namque
331 1652 473 1715 parabilem
486 1665 546 1700 amo
554 1652 683 1701 Venerem
696 1652 860 1714 facilemque.

9 1753 45 1792 120
60 1742 132 1790 illam
146 1742 215 1804 ‘post
228 1740 332 1803 paullo,
348 1741 391 1788 sed
404 1740 497 1802 pluris,
513 1740 535 1787 si
549 1740 641 1788 exierit
654 1732 705 1786 vir’

61 1829 156 1889 Gallis,
171 1830 238 1877 hunc
252 1827 419 1876 Philodemus
432 1827 469 1877 ait
481 1827 530 1875 sibi
543 1842 609 1888 quae
622 1842 705 1888 neque
718 1842 813 1890 magno

60 1925 110 1966 stet
122 1918 204 1980 pretio
217 1931 300 1978 neque
313 1922 444 1964 cunctetur
457 1929 516 1964 cum
529 1922 566 1963 est
579 1915 645 1962 iussu
658 1915 759 1963 venire.

61 2006 173 2055 candida
186 2014 307 2067 rectaque
319 2005 367 2063 sit,
382 2003 480 2051 munda
492 2003 615 2051 hactenus
627 2011 656 2051 ut
668 2018 752 2064 neque
765 2002 843 2065 longa

62 2109 110 2144 nec
123 2095 205 2157 magis
218 2093 277 2141 alba
290 2092 351 2141 velit
364 2106 442 2154 quam
455 2092 500 2140 dat
512 2100 606 2139 natura
618 2092 712 2142 uideri.

8 2193 49 2232 125
63 2183 127 2231 haec
140 2182 185 2230 ubi
199 2180 333 2244 supposuit
347 2180 439 2230 dextro
453 2194 547 2243 corpus
558 2179 624 2228 mihi
636 2180 753 2240 laevum,

61 2271 112 2318 Ilia
125 2278 150 2319 et
162 2271 255 2333 Egeria
268 2280 319 2328 est3
341 2269 374 2317 do
387 2283 482 2317 nomen
496 2268 630 2331 quodlibet
642 2268 696 2327 illi,

62 2373 109 2407 nec
122 2373 210 2408 vereor
222 2373 254 2407 ne
267 2358 329 2406 dum
342 2357 416 2406 sutuo
429 2357 467 2405 vir
479 2372 537 2405 rure
546 2368 676 2423 ¹recurrat,

62 2449 141 2495 ianua
154 2446 303 2509 frangatur,
319 2446 395 2495 latret
407 2447 494 2507 canis,
509 2447 624 2508 undique
638 2459 731 2510 magno

64 2535 138 2599 pulsa
152 2536 242 2583 domus
255 2534 362 2598 strepitu
374 2544 490 2594 resonet,
505 2534 631 2598 vepallida
643 2534 710 2582 lecto

10 2635 50 2673 rso
66 2624 168 2673 desiliat
180 2624 287 2684 mulier,
302 2623 422 2672 miserem
435 2638 461 2672 se
474 2623 577 2672 conscia
590 2623 696 2679 clamet,

91 2728 215 2769 Horatius.
228 2727 267 2766 ed.
280 2726 340 2766 1111.
687 2724 717 2758 xa
