1770 2984
271 182 451 224 SATIRARUM
464 183 591 222 LIBERI.
754 189 804 238 185

60 346 122 407 quid
137 336 240 393 statisi'
259 346 357 397 nolint.
372 346 443 408 atqui
456 347 516 395 licet
530 361 582 395 esse
595 346 690 397 beatis.

10 441 31 478 to
60 433 121 495 qnid
135 448 228 482 causae
241 441 291 492 est,
307 436 398 512 moerito
413 437 475 498 quin
488 435 539 483 illis
551 435 668 499 Iuppiter
682 435 770 482 ambas

58 522 139 569 iratus
151 523 244 570 buccas
256 522 326 572 inflet
339 539 423 586 neque
436 539 462 573 se
475 524 531 573 fore
544 524 653 585 posthac

59 619 112 658 tam
125 609 229 658 facilem
241 611 325 672 dicat,
340 613 405 661 votis
417 621 446 661 ut
458 613 581 676 praebeat
596 614 704 662 aurem?

59 705 205 762 praeterea,
220 714 252 748 ne
264 700 300 748 sic
313 701 397 762 utqui
410 701 537 750 iocularia
549 702 634 750 ridens

59 801 206 850 percurram
221 785 390 851 (quamquam
403 789 531 838 ridentem
543 789 627 838 dicere
641 803 728 837 verum

60 876 122 937 quid
135 875 222 925 vetat?
241 885 269 925 ut
281 877 368 939 pueris
382 877 444 925 olim
457 878 519 927 dant
530 876 645 926 crustula
657 877 745 926 blandi

60 964 190 1024 doctores,
206 964 332 1013 elementa
343 966 422 1014 velint
434 973 463 1013 ut
476 966 573 1015 discere
586 967 684 1030 prima:

59 1053 101 1101 sed
114 1060 200 1101 tamen
213 1062 300 1101 amoto
315 1068 468 1116 quaeramus
481 1055 548 1103 seria
561 1053 649 1117 ludo),

58 1140 102 1188 ille
115 1155 218 1202 gravem
232 1143 296 1190 duro
310 1149 404 1191 terram
417 1143 461 1204 qui
474 1143 549 1190 vertit
562 1149 661 1200 aratro,
680 1138 684 1146 “

59 1229 170 1292 perfidus
183 1229 226 1277 hic
239 1244 336 1292 caupo,
352 1230 424 1278 miles
435 1238 583 1291 nautaeque
595 1244 641 1292 per
654 1244 729 1279 omne

59 1317 168 1366 audaces
181 1332 252 1366 mare
265 1318 309 1380 qui
321 1325 440 1377 currunt,
456 1317 506 1366 hac
519 1325 603 1366 mente
615 1317 729 1367 laborem

58 1420 112 1453 sese
125 1405 205 1465 ferre,
220 1421 291 1455 senes
303 1414 331 1454 ut
343 1407 370 1454 in
385 1407 439 1455 otia
451 1415 507 1455 tuta
520 1407 655 1467 recedant,

58 1494 145 1554 aiunt,
161 1510 220 1542 eum
232 1493 281 1542 sibi
295 1495 347 1543 sint
359 1501 480 1558 congesta
493 1494 606 1544 cibaria:
627 1495 692 1545 sicut

58 1582 165 1645 parvola
179 1579 250 1646 (nam
263 1584 381 1645 exemplo
394 1581 442 1647 est)
457 1583 545 1647 magni
558 1583 669 1633 formica
680 1585 777 1632 laboris

59 1685 102 1719 ore
116 1670 195 1719 trahit
208 1671 388 1732 quodcumque
402 1679 486 1735 potest
499 1680 577 1734 atque
589 1673 660 1720 addit
673 1687 764 1721 acervo

59 1774 135 1821 quem
148 1759 236 1819 struit,
250 1759 319 1806 haud
332 1759 425 1820 ignara
438 1775 468 1807 ac
480 1774 535 1808 non
547 1761 652 1809 incauta
665 1760 759 1810 futuri.

59 1861 139 1909 quae,
154 1847 230 1895 simul
242 1848 371 1896 inversum
383 1848 520 1897 contristat
533 1849 654 1910 aquarius
668 1864 778 1907 annum,

58 1950 112 1984 non
125 1951 233 1998 nsquam
246 1936 362 1999 prorepit
374 1946 399 1986 et
411 1937 463 1985 illis
475 1938 555 1987 utitur
568 1945 626 1985 ante

59 2025 181 2086 quaesitis
193 2024 308 2085 sapiens,
325 2040 384 2073 cum
396 2032 420 2073 te
433 2039 516 2093 neque
529 2024 642 2073 fervidus
656 2032 740 2072 aestus

58 2112 193 2160 demoveat
204 2111 290 2170 lucro,
306 2126 388 2173 neque
401 2113 496 2173 hiems,
512 2113 593 2175 ignis,
608 2127 692 2174 mare,
708 2113 821 2174 ferrum,

58 2199 95 2247 nil
110 2199 193 2247 obstet
206 2197 268 2258 tibi,
284 2201 345 2248 dum
357 2215 390 2248 ne
402 2201 434 2249 sit
445 2208 470 2249 te
483 2200 562 2249 ditior
575 2200 652 2249 alter.

59 2286 121 2349 quid
134 2287 205 2336 iuvat
218 2288 363 2337 inmensum
375 2297 399 2337 te
413 2289 513 2352 argenti
525 2290 626 2353 pondus
638 2297 663 2339 et
676 2291 732 2338 auri

58 2375 150 2424 furtim
163 2375 264 2424 defossa
276 2377 396 2425 timidum
408 2377 535 2441 deponere
547 2377 632 2426 terra?

54 2454 151 2528 ‘quod‚
167 2465 187 2513 si
202 2465 368 2525 conminuas‚
382 2465 458 2514 vilem
470 2467 601 2530 redigatur
615 2467 646 2514 ad
660 2480 742 2514 assem
752 2457 767 2516 .'

58 2562 86 2603 at·
97 2554 126 2602 ni
137 2553 164 2601 id
178 2553 219 2612 fit,
235 2555 296 2616 quid
309 2553 387 2602 habet
399 2555 500 2618 pulchri
513 2562 673 2604 constructus
686 2552 809 2602 acervus?

10 2652 30 2692 to
57 2641 131 2692 milia
144 2641 268 2692 frumenti
280 2652 324 2692 tua
337 2643 435 2692 triverit
448 2658 508 2693 area
520 2650 636 2702 centum,
