1770 2984
390 196 495 236 ursan.
762 205 812 254 179

65 373 113 405 nos
126 364 213 406 manet
226 356 342 406 Oceanus
355 359 547 421 circumvagus:
570 374 643 420 arva,
660 361 735 410 beata

65 455 182 509 petamus
194 462 268 505 arva,
284 447 375 494 divites
389 454 413 494 et
424 447 535 509 insulas,

65 535 150 583 reddit
161 535 207 583 ubi
220 534 339 584 Cererem
351 535 425 584 tellus
438 536 540 585 inarata
553 540 692 599 quotannis

67 631 92 671 et
105 624 224 687 inputata
236 623 310 671 floret
322 638 402 686 usque
415 625 505 685 vinea,

65 712 192 775 germinat
205 720 230 760 et
242 726 385 773 numquam
397 712 508 761 fallentis
520 721 613 762 termes
626 715 720 775 olivae,

65 814 189 860 suamque
202 798 273 863 pulla
286 799 348 848 ficus
360 808 435 849 ornat
448 800 581 862 arborem,

64 887 141 935 mella
154 902 217 934 cava
230 896 338 936 manant
350 903 383 938 ex
395 889 467 948 ilice,
483 890 613 939 montibus
627 892 686 940 altis

64 976 125 1023 levis
139 983 258 1038 crepante
270 977 377 1039 lympha
390 978 475 1026 desilit
487 978 561 1042 pede.

64 1065 118 1113 illic
130 1066 241 1114 iniussae
254 1067 360 1116 veniunt
373 1067 405 1114 ad
418 1066 528 1114 mulctra
541 1069 654 1130 capellae

65 1153 192 1217 refertque
205 1162 275 1203 tenta
289 1169 353 1216 grex
366 1155 464 1203 amicus
477 1156 569 1215 ubera;

63 1257 111 1289 nec
123 1244 280 1304 vespertinus
294 1243 472 1306 circumgemit
485 1259 557 1293 ursus
571 1244 652 1305 ovile,

63 1345 146 1392 neque
158 1331 305 1379 intumescit
317 1331 368 1378 alta
381 1332 475 1394 viperis
488 1331 596 1382 humus.

63 1418 188 1481 pluraque
201 1418 288 1467 felices
301 1419 468 1480 mirabimur;
489 1429 519 1469 ut
529 1436 612 1484 neque
624 1422 703 1486 largis

62 1521 174 1568 aquosus
187 1521 262 1555 eurus
275 1522 336 1555 arva
348 1509 423 1558 radat
435 1509 573 1568 imbribus,
643 1523 646 1529 ·

10 1604 34 1642 55
62 1595 170 1657 pinguia
182 1610 229 1643 nec
242 1596 315 1644 siccis
329 1606 436 1646 urantur
447 1599 547 1647 semina
558 1597 671 1660 glaebis,

61 1691 198 1744 utrumque
211 1697 269 1746 rege
281 1692 439 1746 temperante
452 1687 587 1735 caelitum.

60 1786 113 1818 non
128 1772 178 1819 huc
190 1771 280 1832 Argoo
294 1773 426 1819 contendit
437 1773 534 1834 remige
547 1772 635 1836 pinus,

61 1874 144 1920 neque
156 1860 278 1921 inpudica
291 1859 396 1908 Colchis
407 1859 495 1907 intulit
507 1860 614 1923 pedem3

61 1962 114 1995 uon
128 1948 177 1995 huc
191 1947 292 1996 Sidonii
307 1954 435 1997 torserunt
447 1962 544 1995 cornua
556 1955 664 2008 nautae,

10 2045 32 2082 to
61 2034 192 2084 laboriosa
204 2051 250 2084 nec
264 2037 355 2085 cohors
367 2035 468 2088 Ulixei.

63 2123 144 2188 [nulla
156 2135 250 2174 nocent
261 2126 350 2189 pecori
363 2124 500 2186 contagia,
515 2122 610 2172 nullius
623 2123 684 2172 astri

49 2222 165 2276 'gregem
179 2222 295 2262 aestuosa
307 2221 387 2262 torret
399 2209 570 2276 inpotentia]

60 2303 176 2367 Iuppiter
189 2304 233 2351 illa
246 2304 305 2365 piae
319 2303 423 2351 secrevit
436 2302 512 2350 litora
525 2301 609 2363 genti,

61 2401 90 2440 ut
102 2392 248 2453 inquinavit
261 2405 319 2439 acre
331 2401 432 2452 tempus
446 2404 567 2449 aureum3

10 2488 32 2525 tt
61 2495 131 2539 aere,
148 2479 239 2527 dehinc
253 2480 321 2528 ferro
335 2480 434 2528 duravit
447 2479 563 2538 saecula,
579 2492 689 2540 qnorum

60 2568 110 2630 piis
122 2569 246 2627 secunda,
262 2575 320 2617 vate
332 2582 387 2629 me,
403 2569 479 2616 datur
491 2568 567 2631 suga.

352 2710 511 2718 *—

610 2739 656 2778 lh*
