1770 2984
103 202 154 249 238
388 193 566 236 SATIRARUM

104 359 245 407 ambitione
259 359 329 407 mala
342 365 387 408 aut
399 358 498 423 argenti
511 357 592 421 pallet
605 372 714 419 amore,
787 339 796 352 ⁴

103 448 217 509 quisquis
230 448 335 495 luxuria
348 448 444 496 tristive
456 446 635 509 superstitione

49 545 75 583 so
103 546 147 582 aut
161 535 214 582 alio
227 535 321 584 mentis
333 535 424 584 morbo
438 534 517 584 calet:
533 533 583 581 huc
597 535 708 597 propius
723 552 788 600 me,

103 624 162 669 dum
176 623 256 672 doceo
270 624 383 673 insanire
396 623 495 683 omnis,
510 636 555 670 vos
568 622 661 671 ordine
673 624 766 674 adite.

101 711 186 758 danda
199 720 236 759 est
247 711 355 760 ellebori
367 710 449 760 multo
461 725 520 774 pars
533 710 650 759 maxima
662 713 773 762 araris:

102 799 188 847 nescio
205 813 237 846 an
251 799 404 863 Anticyram
418 799 484 847 ratio
497 797 549 846 illis
562 798 673 847 destinet
686 814 817 852 omnem.

103 888 208 935 heredes
222 885 323 935 Staberi
335 902 464 935 summam
476 885 590 935 incidere
604 887 746 950 sepulcro,

102 976 129 1023 ni
143 975 178 1023 sic
192 974 325 1036 fecissent,
341 975 514 1037 gladiatorum
527 975 589 1023 dare
602 982 706 1024 centum

103 1063 217 1111 damnati
230 1062 326 1126 populo
340 1064 413 1126 paria
426 1071 503 1125 atque
516 1063 621 1125 epulum
634 1063 748 1112 arbitrio
762 1067 846 1130 Arri,

101 1151 224 1200 frumenti
237 1158 363 1213 quantum
377 1152 450 1200 metit
463 1151 570 1202 Africa.
597 1151 665 1199 ‘sive
678 1166 728 1215 ego
742 1169 828 1217 prave

100 1255 143 1287 seu
156 1248 223 1288 recte
236 1239 286 1287 hoc
299 1240 384 1298 volui,
399 1254 431 1289 ne
444 1239 478 1288 sis
490 1247 598 1301 patruus
610 1240 706 1289 mihi³:
723 1243 808 1291 eredo

101 1329 150 1375 hoc
164 1326 264 1376 Staberi
277 1328 431 1390 prudentem
444 1327 560 1375 animum
574 1327 682 1377 vidisse.
709 1329 791 1392 ‘quid
806 1347 871 1396 ergo

101 1417 180 1464 sensit
193 1431 252 1463 eum
266 1431 394 1464 summam
406 1415 548 1478 patrimoni
560 1415 704 1478 insculpere
717 1432 787 1468 saxo

101 1505 206 1552 heredes
218 1505 301 1552 voluit
309 1495 328 1551 l'
358 1505 444 1566 quoad
457 1504 538 1561 vixit,
554 1503 661 1553 credidit
673 1505 769 1568 ingens

101 1593 250 1654 pauperiem
263 1593 355 1642 vitium
369 1600 394 1641 et
406 1594 474 1641 cavit
485 1592 552 1641 nihil
565 1592 664 1653 acrius,
682 1600 727 1652 ut,
743 1594 766 1642 si

101 1681 167 1730 forte
181 1683 264 1730 minus
277 1680 390 1744 locuples
403 1696 455 1729 uno
469 1682 611 1743 quadrante
624 1680 747 1743 perisset,

100 1771 154 1833 ipse
167 1771 294 1819 videretur
307 1771 356 1818 sibi
370 1770 493 1832 nequior.
521 1770 605 1818 omnis
617 1769 686 1818 enim
699 1783 757 1831 res,

102 1860 194 1920 virtus,
209 1859 295 1918 fama,
309 1860 400 1920 decus,
416 1858 503 1907 divina
516 1859 683 1919 humanaque
695 1857 815 1920 pulchris

100 1948 196 1996 divitiis
209 1956 313 2010 parent;
330 1953 394 2009 quas
408 1947 453 2008 qui
466 1946 653 2004 construxerit,
668 1945 714 1993 ille

100 2036 182 2084 clarus
195 2037 257 2096 erit,
273 2036 362 2095 fortis,
376 2037 468 2083 iustus.
497 2024 675 2097 ‘sapiensnel’
698 2035 796 2096 etiam,
812 2045 839 2087 et
849 2052 883 2085 ru

100 2132 124 2170 et
137 2125 261 2186 quidquid
275 2124 356 2174 volet.
383 2124 447 2187 hoc,
461 2124 538 2172 veluti
551 2124 645 2171 virtute
658 2129 799 2186 paratum,

99 2213 209 2272 speravit
222 2227 331 2274 magnae
344 2213 415 2260 laudi
428 2213 497 2263 fore.
524 2211 587 2273 quid
600 2210 684 2259 simile
696 2210 743 2260 isti

47 2308 84 2344 1⁰0
101 2299 213 2348 Graecus
226 2300 389 2363 Aristippus,
405 2302 450 2363 qui
462 2315 548 2350 servos
560 2300 677 2363 proicere
690 2313 786 2349 aurum

99 2387 125 2436 in
139 2388 223 2435 media
236 2387 308 2435 iussit
320 2387 419 2450 Libye,
435 2390 496 2450 quia
509 2389 608 2438 tardius
622 2388 689 2436 irent

98 2484 201 2539 propter
214 2488 278 2522 onus
290 2489 392 2538 segnes.
419 2485 475 2525 uter
487 2485 524 2526 est
535 2477 651 2525 insanior
663 2475 780 2524 horum?

97 2565 134 2612 nil
148 2565 200 2627 agit
213 2563 360 2626 exemplum
372 2563 445 2612 litem
458 2566 526 2626 quod
540 2565 584 2614 lite
597 2563 713 2614 resolvit.

89 2653 176 2717 siqrris
188 2658 258 2703 emat
271 2652 399 2714 citharas,
414 2662 511 2717 emptas
524 2660 660 2717 conportet
672 2652 699 2699 in
712 2666 814 2714 unum,
