1770 2984
124 192 175 239 256
408 183 588 226 semesum

124 348 234 397 audieris
247 349 353 397 melius.
381 357 438 396 tum
450 346 570 395 Vibidius
583 346 722 395 Balatroni

123 436 192 485 “nos
206 436 254 484 nisi
268 437 389 485 damnose
401 435 528 495 bibimus,
543 433 686 483 moriemur
698 435 781 484 inulti
791 427 820 497 ‚’'

70 531 96 569 as
124 532 148 572 et
161 524 254 573 calices
266 525 350 587 poscit
362 524 486 573 maiores.
513 530 610 572 vertere
623 521 713 585 pallor
742 530 747 539 ·

124 620 178 659 tum
191 613 298 674 parochi
311 611 405 661 faeiem
418 612 456 660 nil
468 611 505 660 sie
518 610 657 660 metuentis
670 618 700 659 ut
714 611 786 660 aeris

123 709 241 761 potores,
256 699 295 749 vel
309 701 377 763 quod
391 699 548 748 maledicunt
559 695 669 746 liberius
681 699 725 747 vel

123 786 221 837 semida
234 790 302 849 quod
316 787 410 838 subtile
423 787 561 837 exsurdant
573 785 634 833 rina
646 785 785 849 palatum.

124 875 254 925 invertunt
267 875 390 925 Allifanis
404 874 504 924 vinaria
516 882 571 923 tota

123 962 243 1012 Vibidius
258 964 432 1027 Balatroque,
446 963 538 1012 secutis
551 960 689 1020 omnibns3
707 963 759 1011 imi

123 1051 245 1100 convivae
258 1051 319 1101 lecti
330 1051 443 1100 nihilum
455 1064 566 1100 nocuere
578 1049 694 1114 lagenis.

124 1138 238 1188 adfertur
250 1141 357 1202 squillas
370 1141 436 1189 inter
448 1153 556 1188 murena
569 1139 686 1188 natantis

122 1226 149 1273 in
162 1227 251 1288 patina
265 1237 396 1291 porrecta.
418 1229 465 1277 sub
478 1229 528 1276 hoe
538 1242 596 1276 erus
602 1225 692 1276 “haee
707 1228 875 1291 gravida”in

122 1312 220 1377 “cepta
232 1324 286 1376 est,
301 1317 411 1367 deterior
422 1324 480 1380 post
493 1324 594 1379 parturn
607 1330 687 1365 earne
701 1315 813 1367 futura.

124 1402 163 1450 his
176 1403 288 1453 mixtum
300 1405 340 1453 ius
352 1413 402 1454 est:
425 1405 481 1454 oleo
494 1404 564 1466 quod
576 1404 662 1467 prima
674 1402 798 1456 Venafri

124 1491 214 1552 pressit
227 1493 308 1553 cella,
322 1507 385 1556 garo
399 1494 430 1542 de
443 1493 509 1541 sucis
522 1491 598 1555 piscis
610 1490 724 1553 Hiberi,

123 1580 182 1626 vino
196 1581 371 1642 quinquenni,
387 1596 475 1631 verum
488 1581 552 1630 eitra
565 1594 635 1629 mere
649 1588 735 1642 neto,

123 1669 184 1715 dum
198 1670 318 1730 coquitur
331 1670 416 1732 (cocto
430 1668 525 1718 Chium
537 1669 574 1717 sie
587 1669 712 1718 convenit
728 1679 760 1720 ut
773 1686 829 1721 non

122 1756 171 1804 hoe
184 1758 266 1820 magis
278 1758 358 1806 ullum
371 1756 469 1822 aliud),
484 1758 572 1820 pipere
584 1754 662 1814 albo,
684 1772 745 1807 non
759 1761 818 1810 sine
831 1774 873 1810 aee

123 1845 192 1905 quod
205 1845 415 1907 Methymnaeam
429 1845 491 1894 vitio
504 1843 641 1893 mutaverit
654 1859 753 1897 uvam.

122 1947 210 1980 erucas
223 1934 325 1991 viridis,
340 1933 425 1982 inulas
438 1948 486 1996 ego
499 1933 595 1996 primus
608 1946 716 1983 amares

122 2023 260 2069 monstravi
274 2022 428 2083 incoquere;
443 2021 538 2070 inlotos
551 2019 675 2069 Curtillus
688 2023 826 2086 echinos,

121 2121 148 2156 ut
162 2108 252 2157 melius
265 2110 349 2158 muria
362 2109 432 2171 quod
445 2116 509 2158 resta
522 2109 623 2158 marina
637 2109 762 2162 remittat
770 2104 798 2162 .''

122 2197 220 2244 interea
232 2212 353 2260 suspensa
366 2197 448 2261 gravis
460 2197 552 2245 aulaea
564 2198 651 2246 ruinas

68 2291 93 2328 ts
121 2284 147 2330 in
162 2284 278 2346 patinam
291 2285 389 2345 fecere,
404 2285 533 2334 trahentia
545 2284 659 2347 pulveris
673 2288 729 2335 atri

121 2379 247 2433 quantum
259 2386 311 2419 non
325 2373 413 2433 aquilo
427 2373 567 2436 Campanis
579 2373 677 2422 excitet
690 2378 782 2440 agris.

119 2473 167 2508 nos
181 2459 263 2508 mulus
275 2460 364 2518 veriti,
378 2469 515 2522 postquam
527 2460 593 2509 nihil
606 2474 660 2509 esse
673 2465 773 2524 pericli

110 2553 262 2615 sensimus,
280 2550 424 2617 erigimnrz
436 2547 526 2595 Rulus
534 2547 621 2605 poeno
633 2549 723 2604 usqne
734 2557 825 2607 ,nunt

103 2648 179 2702 filius
196 2649 356 2700 inmaturus
371 2638 475 2689 obisset
485 2670 493 2693 ,
504 2634 584 2681 nere.
609 2627 672 2685 <xiiii
681 2638 757 2672 ΜΚ
