1770 2984
118 201 169 248 »274
376 191 602 233 EPISTULARUM

118 360 175 422 cogi
190 372 263 420 posse
276 365 366 421 negat.
392 355 484 404 Nestor
496 368 653 417 conponere
667 356 726 405 litis

118 450 183 496 inter
195 446 302 495 Peliden
315 445 420 494 festinat
432 452 457 494 et
469 443 538 492 inter
550 443 689 494 Atriden:

117 537 187 583 hunc
200 549 287 596 amor,
303 535 342 582 ire
355 534 458 596 quidem
472 531 652 581 communiter
664 534 725 582 urit
738 542 847 594 utrumqn

119 624 244 686 quidquid
258 622 368 671 delirant
380 635 468 683 reges,
483 620 637 684 plectuntur
650 621 772 673 Achilli.

118 712 260 770 seditione,
276 711 360 770 dolis,
376 708 470 758 scelere
483 715 560 770 atque
572 708 695 758 libidine
710 719 737 759 et
752 712 791 759 ira

119 801 213 849 Iliacos
226 801 293 848 intra
306 812 393 847 muros
406 804 526 861 peccatur
537 804 563 845 et
577 805 675 849 extra.

120 904 205 937 rursus
219 889 281 951 quid
294 889 374 936 virtus
387 893 412 935 et
426 887 487 948 quid
500 885 632 947 sapientia
645 888 752 948 possit,

120 978 182 1027 utile
195 977 329 1040 proposuit
342 975 418 1023 nobis
431 973 564 1037 exemplar
576 973 699 1034 Ulixen,

121 1067 165 1128 qui
178 1066 290 1114 domitor
303 1064 399 1113 Troiae
411 1063 552 1112 multorum
565 1063 699 1125 providus
714 1065 790 1114 urbis

121 1165 145 1202 et
159 1168 242 1202 mores
255 1152 392 1201 hominum
404 1151 517 1214 inspexit
529 1150 672 1213 latumque
687 1167 738 1215 per
752 1166 847 1216 aequor

122 1244 182 1290 dum
196 1241 259 1300 sibi,
275 1241 337 1288 dum
350 1241 425 1290 sociis
438 1239 548 1288 reditum
561 1246 654 1300 perat,
673 1254 776 1305 aspere
789 1241 848 1290 mult

121 1330 240 1393 pertulit,
256 1329 367 1377 adversis
379 1343 465 1376 rerum
477 1325 651 1375 inmersabilis
665 1330 766 1379 undis.

122 1417 241 1467 Sirenum
254 1432 328 1466 voces
341 1424 366 1465 et
378 1415 469 1465 Circae
482 1413 575 1478 pocula
587 1415 678 1463 nostit

122 1506 220 1568 quaesi
235 1521 294 1554 cum
307 1505 382 1553 sociis
395 1503 485 1552 stultns
497 1502 660 1565 cupidusque
675 1504 806 1564 bibisset,

123 1596 168 1644 sub
181 1595 287 1642 domina
300 1592 432 1641 meretrice
445 1590 535 1639 suisset
546 1590 628 1652 turpis
641 1599 668 1639 et
684 1607 787 1645 excors

123 1684 227 1731 vixisset
241 1682 310 1730 oanis
323 1681 462 1728 inmundus
474 1679 513 1726 vel
526 1678 610 1726 amica
623 1678 685 1727 luto
700 1697 762 1732 sus.

123 1787 170 1820 nos
183 1785 304 1819 numerus
317 1783 404 1817 snmus
417 1776 441 1816 et
454 1766 541 1829 fruges
553 1780 712 1818 consumere
726 1773 804 1833 nati,

124 1860 209 1923 sponsi
223 1857 368 1919 Penelopae
381 1855 534 1913 nebulones,
549 1854 715 1917 Alcinoique

124 1950 151 1997 in
165 1956 222 1997 cute
235 1946 350 1994 curanda
363 1944 419 2008 plus
432 1958 515 2006 aequo
529 1952 636 2006 operata
648 1943 797 2008 iuventus,

126 2039 167 2085 cui
181 2035 316 2099 pulchrum
330 2034 378 2081 fuit
391 2034 418 2080 in
432 2033 531 2081 medios
544 2032 656 2080 dormire
672 2033 731 2083 dies
746 2046 775 2085 et

125 2127 156 2172 ad
170 2125 305 2187 strepitum
318 2123 433 2171 citharae
446 2127 586 2169 cessantem
599 2120 696 2169 ducere
711 2137 842 2175 somnum

125 2223 152 2260 ut
165 2213 280 2276 iugulent
294 2211 427 2259 hominem
440 2216 547 2272 surgunt
560 2209 591 2256 de
603 2214 681 2256 nocte
696 2209 836 2264 latrones:

125 2308 153 2346 ut
166 2299 287 2359 teipsum
300 2314 382 2348 serves
393 2313 446 2347 non
459 2294 661 2360 expergisceris?
677 2301 758 2360 atqui

127 2388 147 2434 si
160 2386 230 2434 noles
243 2400 334 2446 sanus,
350 2401 436 2436 curres
448 2385 620 2448 hydropicum
636 2392 660 2432 et
674 2387 705 2432 ni

74 2484 98 2520 sn
127 2488 215 2537 posces
229 2482 288 2521 ante
302 2474 370 2521 diem
383 2476 478 2523 librum
492 2473 677 2531 cantamine,
694 2475 715 2522 si
731 2491 793 2528 non

127 2562 242 2610 intendes
255 2562 371 2608 animum
384 2564 474 2611 studiis
487 2572 511 2611 et
524 2561 599 2610 rebus
611 2561 749 2625 honestis,

125 2650 224 2700 invidia
238 2650 277 2699 vel
290 2664 379 2698 amore
392 2651 452 2715 vigil
465 2650 626 2711 torquebere.
654 2665 719 2699 nam
733 2668 784 2702 cu*
