1770 2984
194 322 228 370 90
483 315 658 362 cssffimffl

193 487 279 529 motus
292 480 377 529 doceri
390 481 484 544 gaudet
495 478 599 528 Ionicos

193 577 294 617 matura
306 569 378 632 virgo
392 575 417 618 et
430 568 534 632 fingitur
546 569 648 618 artibus

193 656 245 704 iam
258 672 328 705 nuno
341 665 367 705 et
379 657 491 705 incestos
503 670 605 705 amores

193 745 225 792 de
238 752 325 794 tenero
339 745 479 793 meditatur
491 743 588 807 ungui:

139 898 143 913 ‘
192 900 255 933 mox
267 887 382 935 iuniores
395 887 497 949 quaerit
509 884 641 935 adulteros

192 974 259 1023 inter
271 974 357 1022 mariti
371 975 442 1035 vina,
457 989 541 1037 neque
554 972 626 1037 eligit

192 1063 235 1112 oui
248 1063 325 1111 donet
337 1062 491 1124 inpermissa
504 1061 599 1124 raptim

191 1151 288 1215 gaudia
301 1151 441 1199 luminibus
454 1150 572 1208 remotis,

192 1293 235 1341 sod
250 1293 316 1341 iussa
329 1306 416 1341 coram
428 1306 482 1339 non
494 1291 549 1341 sine
562 1291 670 1341 conscio

191 1381 274 1444 surgit
286 1381 394 1442 marito,
409 1395 453 1428 seu
465 1389 541 1428 vocat
552 1378 656 1428 institor

191 1483 234 1517 sou
247 1468 319 1516 navis
331 1467 463 1531 Hispanae
476 1467 612 1530 magister,

191 1557 346 1605 dedecorum
358 1555 485 1619 pretiosus
498 1562 612 1619 emptor.

190 1711 244 1746 non
256 1697 297 1745 his
310 1698 428 1746 iuventus
441 1705 498 1746 orta
510 1696 660 1761 parentibus

190 1784 282 1834 infecit
295 1800 392 1847 aequor
404 1785 530 1849 sangnine
543 1784 643 1834 Punioo

152 1906 157 1920 .
191 1873 372 1937 Pyrrhumque
384 1883 409 1922 et
422 1873 553 1935 ingentem
566 1872 660 1922 cecidit

191 1961 351 2012 Antiochum
363 1961 587 2024 Hannibalemque
600 1961 703 2024 dirum,

190 2105 233 2153 sed
247 2105 401 2153 rusticorum
413 2104 528 2151 mascula
540 2102 654 2151 militum

191 2193 286 2255 proles,
302 2191 410 2240 Sabellis
423 2192 499 2239 docta
511 2190 641 2254 ligonibus

191 2295 290 2328 versare
303 2279 407 2343 glaebas
420 2287 445 2328 et
458 2293 559 2328 severae

191 2368 280 2416 matris
294 2368 326 2415 sd
339 2368 476 2416 arbitrium
489 2368 582 2416 recisos

190 2516 294 2572 portare
307 2509 395 2567 fustis,
410 2509 448 2557 sol
461 2509 506 2557 ubi
518 2507 647 2557 montium

190 2604 302 2646 mutaret
315 2597 418 2646 umbras
431 2603 456 2645 et
468 2597 529 2660 iuga
541 2596 653 2645 demeret

190 2684 273 2735 bobus
286 2685 414 2751 fatigatis,
429 2685 541 2733 amioum

189 2780 290 2836 tempus
303 2788 381 2838 agens
393 2773 503 2822 abeunte
516 2786 603 2821 curru.
