1770 2984
363 326 494 366 11311111.
670 289 672 293 ’
752 333 803 381 209

57 490 119 537 dum
131 489 237 538 flamma
249 489 304 537 sine
316 496 374 538 tura
386 488 527 552 liquescere
540 488 630 537 limine
643 502 715 537 sacro

10 589 40 627 oo
56 579 210 642 persuadere
222 577 308 641 cupit.
334 577 422 626 credat
433 577 544 626 Iudaeus
556 576 660 641 Apella,

56 682 110 716 non
125 681 186 730 ego.
214 681 327 729 namque
340 665 402 715 deos
415 665 495 715 didici
507 680 625 714 securum
638 680 713 729 agere
726 680 826 728 aevum,

58 770 107 805 nec
120 754 204 817 siquid
217 754 276 817 uniri
290 754 370 804 faciat
382 761 475 803 natura
488 754 549 803 deos
561 755 588 803 id

59 844 138 892 tristis
151 858 183 893 ex
196 843 250 892 alto
264 842 329 892 caeli
342 842 476 892 demittere
488 849 571 893 tecto.

57 932 224 981 Brundisium
236 931 330 994 longae
342 930 399 980 finis
411 931 568 992 chartaeque
580 929 720 992 uiaequest.

406 1300 461 1352 VI.

59 1476 119 1525 Non
133 1477 211 1538 quia,
231 1477 381 1536 Maecenas,
401 1476 534 1539 Lydorum
547 1476 674 1539 quidquid
686 1475 807 1526 Etruscos

64 1565 174 1614 incoluit
187 1564 254 1625 finis,
269 1580 345 1614 nemo
359 1564 507 1630 generosior
519 1571 557 1613 est
569 1571 603 1625 te,

62 1668 110 1702 nec
124 1654 194 1715 quod
207 1668 270 1702 avus
281 1652 330 1701 tibi
343 1660 475 1703 maternus
488 1653 538 1703 fnit
551 1662 628 1717 atquc
640 1660 761 1718 paternus

64 1741 128 1789 olim
141 1741 186 1803 qui
199 1741 299 1805 magnis
311 1741 455 1805 legionibus
467 1743 653 1806 imperitarent,

21 1836 33 1875 t
62 1837 90 1878 ut
103 1829 219 1892 plerique
232 1829 325 1888 solent,
340 1845 402 1878 naso
415 1830 547 1893 suspendis
560 1832 661 1880 adunco

64 1918 176 1981 ignotos,
193 1922 222 1965 ut
235 1931 276 1965 me
289 1916 410 1965 libertino
422 1925 495 1981 patre
507 1925 611 1966 natum.

61 2021 120 2054 cum
133 2006 228 2055 referre
240 2019 319 2068 negas
332 2004 404 2066 quali
415 2004 448 2053 sit
461 2005 568 2067 quisque
581 2013 686 2068 parente

60 2102 151 2154 natus,
167 2094 228 2142 dum
242 2095 382 2157 ingenuus,
396 2093 533 2156 persuades
544 2093 597 2141 lroc
608 2092 657 2141 tibi
669 2107 735 2151 vere,

62 2190 121 2230 ante
134 2188 287 2244 potestatem
300 2181 369 2230 Tulli
383 2189 460 2244 atque
472 2180 588 2246 ignobile
601 2194 708 2244 regnum

10 2280 32 2317 ro
61 2269 156 2317 multos
168 2283 244 2331 saepe
257 2269 323 2317 viros
335 2269 413 2318 nullis
424 2269 566 2318 maioribus
580 2276 649 2318 ortos

61 2365 86 2406 et
98 2357 190 2405 vixisse
204 2356 313 2420 probos,
329 2357 420 2421 amplis
434 2366 459 2406 et
471 2356 611 2407 honoribus
624 2363 728 2405 auctos:

61 2450 151 2492 contra
163 2443 323 2506 Laevinum,
338 2444 427 2494 Valeri
440 2459 536 2508 genus,
551 2445 619 2493 unde
632 2441 760 2508 Superbus

61 2531 219 2594 Tarquinius
231 2547 311 2597 regno
323 2533 411 2598 pulsus
424 2533 500 2598 fugit,
515 2533 592 2582 unius
605 2533 666 2582 assis

62 2632 116 2667 non
129 2633 254 2681 umquam
267 2621 351 2684 pretio
364 2621 444 2685 pluris
455 2621 575 2682 licuisse,
589 2629 696 2670 notante

10 2718 34 2757 15
61 2707 147 2754 indice
161 2721 212 2768 quo
226 2709 293 2757 nosti
306 2709 419 2773 popule,
435 2710 480 2773 qui
498 2709 588 2759 stultus
601 2710 712 2758 honores

63 2809 137 2858 saepe
151 2795 195 2844 dat
206 2794 319 2862 indignis
331 2804 356 2847 et
368 2797 453 2848 famae
465 2798 542 2847 servit
553 2798 663 2861 ineptus,

90 2896 213 2940 Horatius.
225 2901 264 2941 ed.
275 2900 336 2941 1111.
658 2900 690 2935 Ἃ
