1770 2984
326 194 421 236 LIBER
436 195 474 235 11.
721 201 773 252 229

41 355 88 402 uin
101 356 145 403 ubi
159 370 184 404 se
198 371 213 402 a
226 355 302 419 volgo
318 365 342 404 et
355 371 448 405 scaena
461 357 489 405 in
501 366 598 407 secreta
611 368 743 409 remorant

40 444 99 491 irtus
115 441 251 504 Scipiadae
264 452 289 492 et
301 444 370 492 mitis
383 445 510 507 sapientia
522 445 609 506 Laeli,

40 531 115 593 ugari
129 546 188 579 cum
201 530 246 580 illo
259 539 284 581 et
296 532 416 582 discincti
429 534 517 583 ludere
529 535 611 583 donec

40 629 210 681 ecoquerctur
223 619 279 668 olus
290 620 376 671 soliti.
404 621 528 683 quidquid
542 636 599 670 sum
613 635 679 684 ego,
696 622 813 684 quamvis

40 707 91 755 ifra
103 707 189 755 Lucili
203 722 306 756 censum
319 708 520 771 ingeniumque,
535 718 621 758 tamen
635 724 677 758 me

40 811 82 843 um
95 795 195 859 maguis
209 795 303 845 vixisse
315 796 397 845 invita
410 795 535 846 fatebitur
547 812 628 859 usque

40 884 121 932 ividia
135 893 160 932 et
172 883 259 947 fragili
274 898 398 946 quaerens
411 884 519 934 inlidere
531 885 635 934 dentem

40 972 134 1021 ffendet
148 971 245 1021 solido:
267 973 318 1021 nisi
331 973 392 1035 quid
407 979 450 1033 tu,
465 974 539 1023 docte
553 972 674 1035 Trebati,

40 1061 157 1111 issentis.
179 1055 317 1123 ‘equidem
329 1061 396 1110 nihil
409 1062 469 1111 hinc
483 1061 618 1123 diffingere
631 1075 752 1125 possum.

40 1150 67 1198 ed
80 1157 167 1199 tamen
179 1156 208 1196 ut
220 1149 335 1198 monitus
347 1164 453 1210 caveas,
469 1165 501 1199 ne
514 1149 581 1199 forte
594 1149 684 1212 negoti

40 1238 135 1286 mutiat
147 1238 194 1286 tibi
207 1238 270 1300 quid
283 1245 432 1288 sanctarum
444 1237 546 1287 inscitia
559 1237 661 1302 legum:

40 1327 44 1372 l
57 1325 127 1373 mala
140 1324 284 1374 condiderit
295 1326 323 1375 in
336 1341 412 1388 quem
426 1327 483 1388 quis
497 1327 629 1386 carmina,
644 1327 685 1374 ius
698 1333 736 1374 est

40 1413 201 1474 adiciamque
212 1413 229 1464 .'
253 1423 325 1474 esto,
340 1414 418 1477 siquis
431 1415 515 1463 mala:
537 1415 579 1463 sed
592 1414 662 1463 bona
675 1412 755 1475 siquis

40 1502 110 1550 adice
124 1501 269 1551 condiderit
281 1502 401 1552 laudatus
414 1501 543 1553 Caesare?
562 1502 642 1564 siquis

40 1589 172 1652 ¹pprobriis
184 1590 291 1653 dignum
303 1590 453 1652 latraverit,
467 1592 566 1653 integer
579 1589 653 1653 ipse?

40 1679 171 1728 solventur
183 1679 234 1726 risu
248 1679 367 1738 tabulae,
382 1687 410 1728 tu
423 1679 515 1728 missus
528 1679 612 1727 abibis
620 1671 637 1728 ‚³

380 2028 422 2077 ΙΙ.

40 2206 100 2266 luae
113 2206 192 2254 virtus
205 2213 230 2254 et
243 2212 355 2268 quanta,
369 2203 448 2264 boni,
463 2203 495 2252 sit
507 2205 591 2253 vivere
603 2218 682 2267 parvo

40 2309 85 2343 nec
97 2308 169 2343 meus
181 2294 226 2342 hic
239 2307 323 2342 sermo
337 2299 390 2353 est,
404 2292 447 2342 sed
462 2306 529 2355 quae
541 2291 674 2356 praecepit
686 2289 786 2341 Ofellus

40 2383 149 2443 ustione,
166 2381 298 2431 abnormis
310 2381 412 2445 sapiens
426 2394 560 2444 crassaque
572 2377 700 2444 Minerva)

40 2471 134 2531 ducite,
149 2485 202 2519 non
214 2471 282 2518 inter
293 2469 375 2519 lancis
388 2483 539 2532 mensasque
551 2468 674 2529 nitentis,

40 2574 88 2608 :um
101 2567 185 2623 stupet
197 2558 295 2608 insanis
307 2559 375 2608 acies
388 2557 532 2623 fulgoribus
545 2563 570 2607 et
583 2571 643 2606 cum

40 2647 138 2696 adclinis
151 2647 222 2696 falsis
235 2647 337 2696 animus
349 2646 456 2697 meliora
468 2653 582 2706 recusat,
