1770 2984
256 153 306 202 112
546 143 741 193 cenum

257 313 302 360 dos
315 320 352 359 est
364 323 460 373 magna
471 306 626 371 parentium

256 401 336 448 virtus
348 405 373 447 et
384 405 499 445 metuens
511 394 623 444 alterius
635 396 695 447 viri

258 496 327 537 certo
340 485 442 535 foedere
455 482 577 544 castitas,

259 583 283 624 et
296 587 402 639 peccare
414 571 501 631 nefas,
515 577 561 618 aut
572 571 700 634 pretium
715 584 760 625 est
772 580 861 628 mori.

259 730 274 764 ο
288 714 403 778 quisquis
415 713 483 761 volet
494 711 580 775 inpias

260 804 346 853 caedis
359 810 384 851 et
395 801 494 850 rabiem
507 798 596 848 tollere
610 800 751 865 civicam,

260 893 282 940 si
295 899 399 955 quaeret
411 897 484 953 pater
496 885 600 935 urbium

260 980 385 1029 subscribi
397 977 501 1035 statuis,
515 974 676 1025 indomitam
691 980 798 1033 audeat

262 1121 391 1170 refrenare
403 1117 549 1177 licentiam,

263 1208 346 1257 clarus
359 1205 524 1271 postgenitis,
540 1210 683 1266 quatenus,
700 1207 759 1259 heu
771 1212 874 1277 nefas,

262 1298 383 1344 virtutem
395 1293 552 1343 incolumem
565 1290 683 1352 odimus,

262 1383 389 1433 sublatam
403 1398 435 1431 ex
448 1380 531 1431 oculis
542 1379 693 1442 quaerimus
706 1382 816 1441 invidi.

264 1526 325 1588 quid
337 1524 422 1574 tristes
434 1520 624 1586 querimoniae,

264 1614 285 1662 si
298 1628 351 1662 non
363 1612 491 1675 supplicio
504 1609 582 1673 culpa
595 1607 740 1672 reciditur,

212 1708 238 1747 st
266 1701 327 1764 quid
342 1701 409 1765 leges
422 1701 476 1749 sine
489 1697 602 1747 moribus

265 1804 345 1837 vanae
358 1787 507 1851 proficiunt,
522 1786 544 1835 si
557 1798 641 1848 neque
653 1783 767 1840 fervidis

266 1947 324 1995 pars
337 1928 434 1979 inclusa
447 1927 575 1976 caloribus

267 2019 357 2067 muudi
368 2031 416 2065 uec
429 2015 521 2064 boreae
534 2014 672 2064 finitimum
683 2013 758 2066 latus

267 2107 423 2167 durataeque
436 2104 490 2152 solo
504 2102 574 2151 nives

213 2200 239 2237 40
267 2201 436 2241 mercatorem
449 2192 574 2253 abigunt,
589 2189 697 2238 horrida
710 2192 808 2245 callidi

267 2331 371 2380 vincunt
385 2346 498 2392 aequora
510 2332 626 2391 navitae,

267 2433 390 2483 magnum
403 2421 537 2482 pauperies
550 2416 719 2483 opprobrium
731 2419 813 2474 iubet

267 2507 366 2569 quidvis
378 2516 402 2557 ct
415 2507 499 2556 facere
512 2516 536 2556 et
549 2508 616 2570 pati,

267 2597 418 2659 virtutisque
431 2596 501 2644 u'am
513 2595 607 2644 deserit
618 2594 726 2643 mdccc.
