1770 2984
385 478 479 518 muna
494 478 530 518 11.

97 621 169 690 error
182 642 226 690 sed
238 641 316 689 variis
330 640 424 690 inludit
437 641 567 705 partibus,
583 642 633 690 hcc
646 651 670 691 te

97 729 171 778 crede
184 729 262 777 modo
276 730 411 791 insanum,
426 730 510 779 nihilo
524 736 552 779 ut
565 730 708 794 sapientior
720 731 764 779 ille

98 818 142 878 qui
155 826 180 866 te
193 817 292 868 deridet
304 818 415 868 caudam
428 819 527 868 trahat.
557 826 593 868 est
606 834 686 882 genus
701 835 781 868 unum

98 906 222 956 stultitiae
235 906 347 955 nihilum
360 908 498 956 metuenda
510 907 639 968 timentis,
655 915 684 956 nt
696 909 778 972 ignis,

46 1004 52 1016 ‘
99 1002 127 1042 ut
140 996 211 1058 rupis
224 995 364 1058 fluviosque
376 997 405 1043 in
417 1010 511 1058 campo
524 995 625 1044 obstare
638 1004 774 1058 queratur:

98 1083 208 1132 alterum
222 1092 247 1132 et
259 1083 321 1133 huie
333 1098 423 1134 varum
436 1092 461 1133 et
473 1083 558 1132 nihilo
571 1083 710 1147 sapientius
723 1085 789 1148 ignis

97 1187 143 1236 per
156 1173 254 1222 medios
266 1172 406 1235 fluviosque
419 1171 531 1223 ruentis.
559 1171 653 1220 clamet
666 1171 764 1231 amica,

98 1269 195 1321 mater,
211 1262 319 1311 honesta
332 1276 406 1311 soror
419 1277 478 1310 cum
491 1260 623 1324 cognatis,
637 1266 726 1322 pater,
742 1275 809 1309 uxor

98 1350 154 1398 ‘hic
167 1350 238 1399 fossa
251 1357 289 1399 est
302 1351 407 1414 ingens,
423 1349 466 1398 hic
478 1363 554 1412 rupes
567 1347 698 1396 maxima:
713 1363 784 1397 serra
793 1341 813 1395 l’

99 1454 152 1488 non
166 1440 248 1503 magis
261 1438 373 1487 audierit
387 1453 465 1500 quum
479 1438 566 1486 Fufius
578 1435 663 1486 ebrius
676 1437 739 1485 olim

100 1544 159 1576 cum
171 1527 284 1576 Ilionam
298 1527 409 1577 edormit
422 1525 537 1576 Catienis
550 1526 621 1575 mille
634 1526 749 1574 ducentis

97 1616 208 1675 ‘mater‚
224 1623 249 1664 te
263 1604 378 1678 adpello’
392 1614 575 1664 clamantibus.
602 1615 663 1664 huic
676 1629 725 1676 ego
738 1614 828 1677 volgus

99 1705 179 1753 errori
191 1704 301 1753 similem
315 1712 435 1754 cunctum
449 1705 561 1754 insanire
575 1704 689 1753 dooeb0.

99 1793 195 1841 insanit
207 1800 303 1842 veteres
314 1799 409 1842 statuas
422 1793 598 1856 Damasippus
612 1793 735 1841 emendo:

98 1882 196 1945 integer
210 1888 247 1928 cst
259 1883 351 1930 mentis
365 1881 519 1944 Damasippi
533 1880 661 1930 creditor?
675 1889 742 1930 esto.

97 1968 200 2032 ‘accipe
214 1969 285 2032 quod
298 1984 441 2031 numquam
453 1969 545 2018 reddas
558 1969 623 2017 mihi
631 1961 648 2028 ,³
662 1969 683 2017 si
695 1969 744 2017 tibi
756 1968 857 2028 dicam,

99 2065 160 2106 tune
173 2058 280 2107 insanus
293 2058 343 2106 eris
356 2058 378 2106 si
391 2056 539 2120 acceperis?
552 2071 585 2105 an
597 2057 678 2120 magis
692 2071 783 2105 excors

98 2145 193 2195 reiecta
205 2145 302 2208 praeda
315 2160 394 2208 quam
407 2159 526 2208 praesens
540 2144 684 2194 Mercurius
696 2143 764 2192 fert?

100 2235 181 2283 scribe
195 2236 283 2284 decem
296 2249 311 2282 a
324 2233 419 2293 Nerio,
436 2247 489 2282 non
503 2240 540 2281 est
553 2233 629 2292 sutis,
644 2232 709 2279 adde
723 2230 829 2280 Cicutae

100 2323 193 2371 nodosi
205 2322 306 2371 tabulas
321 2331 438 2380 centnm,
454 2319 525 2369 mille
538 2320 603 2368 adde
617 2327 733 2368 catenas:

100 2410 206 2475 effugiet
218 2419 305 2459 tamen
319 2410 383 2458 haec
397 2408 535 2457 sceleratus
548 2408 653 2456 vincula
666 2408 788 2458 Proteus¹

100 2515 159 2549 cum
171 2500 255 2562 rapies
267 2499 295 2546 in
307 2498 347 2547 ius
360 2497 436 2546 malis
449 2497 576 2546 ridentem
590 2496 695 2556 alienis,

100 2588 143 2637 fiet
150 2602 224 2651 aper,
240 2586 319 2635 modo
326 2586 394 2645 avis,
409 2585 488 2634 modo
496 2601 588 2635 saxum
595 2593 634 2646 et,
649 2584 799 2645 cumvolet‚
814 2585 878 2634 arbo

102 2676 123 2725 si
136 2674 205 2724 male
218 2689 273 2723 rem
287 2688 374 2737 gerere
386 2674 471 2723 insani
485 2683 537 2736 est,
553 2682 643 2724 contra
655 2672 719 2723 bene
733 2674 804 2733 sani,

47 2773 72 2811 tt
102 2763 217 2827 putidius
231 2762 313 2811 multo
327 2763 459 2812 cerebrum
472 2771 525 2824 est,
540 2762 708 2822 mihicrede,
724 2762 812 2811 Perilli

102 2849 222 2900 dictantis
237 2851 306 2913 quod
320 2859 348 2900 tu
361 2867 503 2916 numquam
516 2852 653 2902 rescribere
665 2851 760 2914 possis.
