<?xml version="1.0" encoding="UTF-8"?>
<!DOCTYPE html PUBLIC "-//W3C//DTD XHTML 1.0 Transitional//EN"
    "http://www.w3.org/TR/xhtml1/DTD/xhtml1-transitional.dtd">
<html xmlns="http://www.w3.org/1999/xhtml" xml:lang="en" lang="en">
 <head>
  <title>
</title>
<meta http-equiv="Content-Type" content="text/html;charset=utf-8" />
  <meta name='ocr-system' content='tesseract 3.04.00' />
  <meta name='ocr-capabilities' content='ocr_page ocr_carea ocr_par ocr_line ocrx_word'/>
</head>
<body>
  <div class='ocr_page' id='page_1' title='image "./qhoratiflacciop00vahlgoog_0258.png"; bbox 0 0 1770 2984; ppageno 0'>
   <div class='ocr_carea' id='block_1_1' title="bbox 359 167 801 220">
    <p class='ocr_par' dir='ltr' id='par_1_1' title="bbox 359 167 801 220">
     <span class='ocr_line' id='line_1_1' title="bbox 359 167 801 220; baseline -0.002 -13"><span class='ocrx_word' id='word_1_1' title='bbox 359 167 454 210; x_wconf 82' lang='lat' dir='ltr'>mana</span> <span class='ocrx_word' id='word_1_2' title='bbox 468 168 504 207; x_wconf 93' lang='lat'>11.</span> <span class='ocrx_word' id='word_1_3' title='bbox 751 173 801 220; x_wconf 73' lang='lat'>249</span> 
     </span>
    </p>
   </div>
   <div class='ocr_carea' id='block_1_2' title="bbox 10 330 804 2693">
    <p class='ocr_par' dir='ltr' id='par_1_2' title="bbox 57 330 721 394">
     <span class='ocr_line' id='line_1_2' title="bbox 57 330 721 394; baseline 0.003 -16"><span class='ocrx_word' id='word_1_4' title='bbox 57 330 194 394; x_wconf 87' lang='lat' dir='ltr'>languidus</span> <span class='ocrx_word' id='word_1_5' title='bbox 207 330 234 377; x_wconf 93' lang='lat' dir='ltr'>in</span> <span class='ocrx_word' id='word_1_6' title='bbox 247 330 363 378; x_wconf 90' lang='lat' dir='ltr'>cubitum</span> <span class='ocrx_word' id='word_1_7' title='bbox 375 331 429 380; x_wconf 90' lang='lat' dir='ltr'>iam</span> <span class='ocrx_word' id='word_1_8' title='bbox 441 346 467 380; x_wconf 92' lang='lat' dir='ltr'>se</span> <span class='ocrx_word' id='word_1_9' title='bbox 479 331 587 380; x_wconf 86' lang='lat' dir='ltr'>conviva</span> <span class='ocrx_word' id='word_1_10' title='bbox 599 339 721 393; x_wconf 81' lang='lat' dir='ltr'><strong>reponet.</strong></span> 
     </span>
    </p>

    <p class='ocr_par' dir='ltr' id='par_1_3' title="bbox 15 418 801 836">
     <span class='ocr_line' id='line_1_3' title="bbox 15 418 654 484; baseline 0.003 -18"><span class='ocrx_word' id='word_1_11' title='bbox 15 430 29 466; x_wconf 88' lang='lat' dir='ltr'>o</span> <span class='ocrx_word' id='word_1_12' title='bbox 58 419 154 467; x_wconf 87' lang='lat' dir='ltr'><strong>Umber</strong></span> <span class='ocrx_word' id='word_1_13' title='bbox 168 427 192 467; x_wconf 91' lang='lat' dir='ltr'>et</span> <span class='ocrx_word' id='word_1_14' title='bbox 205 418 288 481; x_wconf 79' lang='lat' dir='ltr'>iligna</span> <span class='ocrx_word' id='word_1_15' title='bbox 300 419 411 468; x_wconf 90' lang='lat' dir='ltr'>nutritus</span> <span class='ocrx_word' id='word_1_16' title='bbox 423 421 516 484; x_wconf 80' lang='lat' dir='ltr'>glande</span> <span class='ocrx_word' id='word_1_17' title='bbox 529 421 654 469; x_wconf 90' lang='lat' dir='ltr'>rotundas</span> 
     </span>
     <span class='ocr_line' id='line_1_4' title="bbox 58 506 682 568; baseline 0.005 -14"><span class='ocrx_word' id='word_1_18' title='bbox 58 516 145 555; x_wconf 84' lang='lat' dir='ltr'>curvat</span> <span class='ocrx_word' id='word_1_19' title='bbox 159 521 220 568; x_wconf 90' lang='lat' dir='ltr'>aper</span> <span class='ocrx_word' id='word_1_20' title='bbox 233 506 314 555; x_wconf 88' lang='lat' dir='ltr'>lancis</span> <span class='ocrx_word' id='word_1_21' title='bbox 328 521 432 556; x_wconf 89' lang='lat' dir='ltr'>carnem</span> <span class='ocrx_word' id='word_1_22' title='bbox 444 509 548 557; x_wconf 88' lang='lat' dir='ltr'>vitantis</span> <span class='ocrx_word' id='word_1_23' title='bbox 561 509 682 557; x_wconf 88' lang='lat' dir='ltr'>inertem:</span> 
     </span>
     <span class='ocr_line' id='line_1_5' title="bbox 58 594 801 660; baseline 0.001 -17"><span class='ocrx_word' id='word_1_24' title='bbox 58 609 119 643; x_wconf 89' lang='lat' dir='ltr'>nam</span> <span class='ocrx_word' id='word_1_25' title='bbox 132 594 247 642; x_wconf 79' lang='lat' dir='ltr'><strong>Laurens</strong></span> <span class='ocrx_word' id='word_1_26' title='bbox 260 594 344 643; x_wconf 88' lang='lat' dir='ltr'>malus</span> <span class='ocrx_word' id='word_1_27' title='bbox 357 603 409 657; x_wconf 88' lang='lat' dir='ltr'>est,</span> <span class='ocrx_word' id='word_1_28' title='bbox 429 596 494 646; x_wconf 88' lang='lat' dir='ltr'>ulvis</span> <span class='ocrx_word' id='word_1_29' title='bbox 508 604 532 646; x_wconf 92' lang='lat' dir='ltr'>et</span> <span class='ocrx_word' id='word_1_30' title='bbox 545 597 671 646; x_wconf 90' lang='lat' dir='ltr'>arundine</span> <span class='ocrx_word' id='word_1_31' title='bbox 683 597 801 660; x_wconf 83' lang='lat' dir='ltr'>pinguis.</span> 
     </span>
     <span class='ocr_line' id='line_1_6' title="bbox 58 683 678 748; baseline 0.006 -17"><span class='ocrx_word' id='word_1_32' title='bbox 58 685 131 733; x_wconf 86' lang='lat' dir='ltr'>vinea</span> <span class='ocrx_word' id='word_1_33' title='bbox 145 683 272 732; x_wconf 81' lang='lat' dir='ltr'>submittit</span> <span class='ocrx_word' id='word_1_34' title='bbox 284 697 390 747; x_wconf 86' lang='lat' dir='ltr'>capreas</span> <span class='ocrx_word' id='word_1_35' title='bbox 401 699 455 733; x_wconf 92' lang='lat' dir='ltr'>non</span> <span class='ocrx_word' id='word_1_36' title='bbox 468 699 568 748; x_wconf 84' lang='lat' dir='ltr'>semper</span> <span class='ocrx_word' id='word_1_37' title='bbox 582 684 678 735; x_wconf 90' lang='lat' dir='ltr'>edulis.</span> 
     </span>
     <span class='ocr_line' id='line_1_7' title="bbox 59 771 672 836; baseline 0.008 -17"><span class='ocrx_word' id='word_1_38' title='bbox 59 771 184 820; x_wconf 85' lang='lat' dir='ltr'>fecundae</span> <span class='ocrx_word' id='word_1_39' title='bbox 197 771 291 834; x_wconf 88' lang='lat' dir='ltr'>leporis</span> <span class='ocrx_word' id='word_1_40' title='bbox 303 772 405 836; x_wconf 89' lang='lat' dir='ltr'>sapiens</span> <span class='ocrx_word' id='word_1_41' title='bbox 418 773 558 821; x_wconf 80' lang='lat' dir='ltr'>sectabitur</span> <span class='ocrx_word' id='word_1_42' title='bbox 571 787 672 824; x_wconf 89' lang='lat' dir='ltr'>armos.</span> 
     </span>
    </p>

    <p class='ocr_par' dir='ltr' id='par_1_4' title="bbox 10 860 804 1274">
     <span class='ocr_line' id='line_1_8' title="bbox 10 860 748 924; baseline 0 -16"><span class='ocrx_word' id='word_1_43' title='bbox 10 891 15 908; x_wconf 61' lang='lat'><em>2</em></span> <span class='ocrx_word' id='word_1_44' title='bbox 59 860 173 924; x_wconf 80' lang='lat' dir='ltr'>piscibus</span> <span class='ocrx_word' id='word_1_45' title='bbox 187 869 265 922; x_wconf 86' lang='lat' dir='ltr'>atque</span> <span class='ocrx_word' id='word_1_46' title='bbox 278 860 366 909; x_wconf 88' lang='lat' dir='ltr'>avibus</span> <span class='ocrx_word' id='word_1_47' title='bbox 379 875 446 922; x_wconf 86' lang='lat' dir='ltr'>quae</span> <span class='ocrx_word' id='word_1_48' title='bbox 457 869 551 910; x_wconf 85' lang='lat' dir='ltr'>natura</span> <span class='ocrx_word' id='word_1_49' title='bbox 564 868 589 911; x_wconf 88' lang='lat' dir='ltr'>et</span> <span class='ocrx_word' id='word_1_50' title='bbox 601 861 668 910; x_wconf 88' lang='lat' dir='ltr'>foret</span> <span class='ocrx_word' id='word_1_51' title='bbox 678 867 748 908; x_wconf 84' lang='lat' dir='ltr'>aetas</span> 
     </span>
     <span class='ocr_line' id='line_1_9' title="bbox 59 947 661 1011; baseline 0.007 -15"><span class='ocrx_word' id='word_1_52' title='bbox 59 955 118 996; x_wconf 87' lang='lat' dir='ltr'>ante</span> <span class='ocrx_word' id='word_1_53' title='bbox 132 963 217 997; x_wconf 90' lang='lat' dir='ltr'>meum</span> <span class='ocrx_word' id='word_1_54' title='bbox 230 947 294 996; x_wconf 90' lang='lat' dir='ltr'>nulli</span> <span class='ocrx_word' id='word_1_55' title='bbox 307 948 391 1011; x_wconf 90' lang='lat' dir='ltr'>patuit</span> <span class='ocrx_word' id='word_1_56' title='bbox 403 949 519 1011; x_wconf 90' lang='lat' dir='ltr'>quaesita</span> <span class='ocrx_word' id='word_1_57' title='bbox 531 949 661 1011; x_wconf 88' lang='lat' dir='ltr'>palatum.</span> 
     </span>
     <span class='ocr_line' id='line_1_10' title="bbox 59 1036 804 1100; baseline 0 -15"><span class='ocrx_word' id='word_1_58' title='bbox 59 1045 117 1086; x_wconf 85' lang='lat' dir='ltr'>sunt</span> <span class='ocrx_word' id='word_1_59' title='bbox 129 1051 239 1098; x_wconf 89' lang='lat' dir='ltr'>quorum</span> <span class='ocrx_word' id='word_1_60' title='bbox 251 1036 386 1098; x_wconf 84' lang='lat' dir='ltr'>ingenium</span> <span class='ocrx_word' id='word_1_61' title='bbox 392 1036 804 1100; x_wconf 81' lang='lat' dir='ltr'>noratantumcrustulapromit.</span> 
     </span>
     <span class='ocr_line' id='line_1_11' title="bbox 60 1124 721 1187; baseline -0.002 -13"><span class='ocrx_word' id='word_1_62' title='bbox 60 1139 224 1187; x_wconf 80' lang='lat' dir='ltr'>nequaquam</span> <span class='ocrx_word' id='word_1_63' title='bbox 236 1124 297 1173; x_wconf 90' lang='lat' dir='ltr'>satis</span> <span class='ocrx_word' id='word_1_64' title='bbox 310 1125 338 1173; x_wconf 90' lang='lat' dir='ltr'>in</span> <span class='ocrx_word' id='word_1_65' title='bbox 352 1139 378 1174; x_wconf 91' lang='lat' dir='ltr'>re</span> <span class='ocrx_word' id='word_1_66' title='bbox 390 1141 443 1174; x_wconf 89' lang='lat' dir='ltr'>una</span> <span class='ocrx_word' id='word_1_67' title='bbox 456 1140 605 1175; x_wconf 87' lang='lat' dir='ltr'>consumere</span> <span class='ocrx_word' id='word_1_68' title='bbox 618 1141 721 1184; x_wconf 84' lang='lat' dir='ltr'>curam3</span> 
     </span>
     <span class='ocr_line' id='line_1_12' title="bbox 60 1212 769 1274; baseline 0.001 -14"><span class='ocrx_word' id='word_1_69' title='bbox 60 1223 88 1261; x_wconf 88' lang='lat' dir='ltr'>ut</span> <span class='ocrx_word' id='word_1_70' title='bbox 102 1213 183 1274; x_wconf 87' lang='lat' dir='ltr'>siquis</span> <span class='ocrx_word' id='word_1_71' title='bbox 196 1212 280 1261; x_wconf 90' lang='lat' dir='ltr'>solnm</span> <span class='ocrx_word' id='word_1_72' title='bbox 293 1213 359 1273; x_wconf 90' lang='lat' dir='ltr'>hoc,</span> <span class='ocrx_word' id='word_1_73' title='bbox 375 1215 443 1263; x_wconf 87' lang='lat' dir='ltr'>mala</span> <span class='ocrx_word' id='word_1_74' title='bbox 455 1229 488 1263; x_wconf 88' lang='lat' dir='ltr'>ne</span> <span class='ocrx_word' id='word_1_75' title='bbox 501 1216 552 1264; x_wconf 87' lang='lat' dir='ltr'>sint</span> <span class='ocrx_word' id='word_1_76' title='bbox 564 1215 638 1274; x_wconf 92' lang='lat' dir='ltr'>vina,</span> <span class='ocrx_word' id='word_1_77' title='bbox 654 1213 769 1273; x_wconf 88' lang='lat' dir='ltr'>laboret,</span> 
     </span>
    </p>

    <p class='ocr_par' dir='ltr' id='par_1_5' title="bbox 12 1300 665 1719">
     <span class='ocr_line' id='line_1_13' title="bbox 12 1300 591 1364; baseline 0.005 -17"><span class='ocrx_word' id='word_1_78' title='bbox 12 1312 16 1323; x_wconf 90' lang='lat'><em>·</em></span> <span class='ocrx_word' id='word_1_79' title='bbox 63 1300 133 1362; x_wconf 89' lang='lat' dir='ltr'>quali</span> <span class='ocrx_word' id='word_1_80' title='bbox 146 1300 288 1362; x_wconf 76' lang='lat' dir='ltr'>perfundat</span> <span class='ocrx_word' id='word_1_81' title='bbox 300 1301 377 1364; x_wconf 88' lang='lat' dir='ltr'>piscis</span> <span class='ocrx_word' id='word_1_82' title='bbox 389 1317 492 1352; x_wconf 89' lang='lat' dir='ltr'>securus</span> <span class='ocrx_word' id='word_1_83' title='bbox 507 1303 591 1351; x_wconf 86' lang='lat' dir='ltr'>olivo.</span> 
     </span>
     <span class='ocr_line' id='line_1_14' title="bbox 61 1388 621 1454; baseline 0.002 -17"><span class='ocrx_word' id='word_1_84' title='bbox 61 1389 172 1437; x_wconf 88' lang='lat' dir='ltr'>Massica</span> <span class='ocrx_word' id='word_1_85' title='bbox 184 1389 205 1437; x_wconf 89' lang='lat' dir='ltr'>si</span> <span class='ocrx_word' id='word_1_86' title='bbox 218 1388 291 1438; x_wconf 88' lang='lat' dir='ltr'>caelo</span> <span class='ocrx_word' id='word_1_87' title='bbox 304 1404 431 1454; x_wconf 87' lang='lat' dir='ltr'>suppones</span> <span class='ocrx_word' id='word_1_88' title='bbox 443 1392 503 1441; x_wconf 86' lang='lat' dir='ltr'>vina</span> <span class='ocrx_word' id='word_1_89' title='bbox 515 1405 621 1451; x_wconf 90' lang='lat' dir='ltr'>sereno,</span> 
     </span>
     <span class='ocr_line' id='line_1_15' title="bbox 61 1477 665 1540; baseline 0 -13"><span class='ocrx_word' id='word_1_90' title='bbox 61 1485 189 1527; x_wconf 88' lang='lat' dir='ltr'>nocturna</span> <span class='ocrx_word' id='word_1_91' title='bbox 201 1477 285 1540; x_wconf 91' lang='lat' dir='ltr'>siquid</span> <span class='ocrx_word' id='word_1_92' title='bbox 299 1479 378 1528; x_wconf 87' lang='lat' dir='ltr'>crassi</span> <span class='ocrx_word' id='word_1_93' title='bbox 391 1487 430 1530; x_wconf 91' lang='lat' dir='ltr'>est</span> <span class='ocrx_word' id='word_1_94' title='bbox 442 1480 590 1530; x_wconf 76' lang='lat' dir='ltr'>tenuabitur</span> <span class='ocrx_word' id='word_1_95' title='bbox 603 1495 665 1528; x_wconf 86' lang='lat' dir='ltr'>aura</span> 
     </span>
     <span class='ocr_line' id='line_1_16' title="bbox 63 1566 632 1618; baseline 0.002 -3"><span class='ocrx_word' id='word_1_96' title='bbox 63 1576 87 1615; x_wconf 88' lang='lat' dir='ltr'>et</span> <span class='ocrx_word' id='word_1_97' title='bbox 101 1566 206 1615; x_wconf 84' lang='lat' dir='ltr'>decedet</span> <span class='ocrx_word' id='word_1_98' title='bbox 219 1567 283 1615; x_wconf 93' lang='lat' dir='ltr'>odor</span> <span class='ocrx_word' id='word_1_99' title='bbox 295 1568 378 1618; x_wconf 87' lang='lat' dir='ltr'>nervis</span> <span class='ocrx_word' id='word_1_100' title='bbox 390 1568 526 1618; x_wconf 87' lang='lat' dir='ltr'>inimicus:</span> <span class='ocrx_word' id='word_1_101' title='bbox 548 1575 574 1617; x_wconf 90' lang='lat' dir='ltr'>at</span> <span class='ocrx_word' id='word_1_102' title='bbox 586 1567 632 1616; x_wconf 88' lang='lat' dir='ltr'>illa</span> 
     </span>
     <span class='ocr_line' id='line_1_17' title="bbox 62 1655 630 1719; baseline 0.002 -16"><span class='ocrx_word' id='word_1_103' title='bbox 62 1657 192 1718; x_wconf 82' lang='lat' dir='ltr'>integrum</span> <span class='ocrx_word' id='word_1_104' title='bbox 205 1655 317 1717; x_wconf 87' lang='lat' dir='ltr'>perdunt</span> <span class='ocrx_word' id='word_1_105' title='bbox 328 1655 383 1704; x_wconf 91' lang='lat' dir='ltr'>lino</span> <span class='ocrx_word' id='word_1_106' title='bbox 396 1656 486 1706; x_wconf 87' lang='lat' dir='ltr'>vitiata</span> <span class='ocrx_word' id='word_1_107' title='bbox 499 1671 630 1719; x_wconf 87' lang='lat' dir='ltr'>saporem.</span> 
     </span>
    </p>

    <p class='ocr_par' dir='ltr' id='par_1_6' title="bbox 14 1742 800 2601">
     <span class='ocr_line' id='line_1_18' title="bbox 14 1742 667 1806; baseline -0.003 -12"><span class='ocrx_word' id='word_1_108' title='bbox 14 1755 17 1763; x_wconf 95' lang='grc'><strong>’</strong></span> <span class='ocrx_word' id='word_1_109' title='bbox 64 1742 218 1794; x_wconf 88' lang='lat' dir='ltr'>Surrentina</span> <span class='ocrx_word' id='word_1_110' title='bbox 230 1743 301 1792; x_wconf 88' lang='lat' dir='ltr'>vafer</span> <span class='ocrx_word' id='word_1_111' title='bbox 314 1744 358 1806; x_wconf 89' lang='lat' dir='ltr'>qui</span> <span class='ocrx_word' id='word_1_112' title='bbox 372 1744 461 1794; x_wconf 89' lang='lat' dir='ltr'>miscet</span> <span class='ocrx_word' id='word_1_113' title='bbox 474 1744 545 1793; x_wconf 89' lang='lat' dir='ltr'>faece</span> <span class='ocrx_word' id='word_1_114' title='bbox 557 1743 667 1792; x_wconf 84' lang='lat' dir='ltr'>Falerna</span> 
     </span>
     <span class='ocr_line' id='line_1_19' title="bbox 62 1831 672 1895; baseline -0.002 -16"><span class='ocrx_word' id='word_1_115' title='bbox 62 1832 137 1891; x_wconf 91' lang='lat' dir='ltr'>vina,</span> <span class='ocrx_word' id='word_1_116' title='bbox 153 1831 302 1881; x_wconf 91' lang='lat' dir='ltr'>columbino</span> <span class='ocrx_word' id='word_1_117' title='bbox 315 1833 407 1881; x_wconf 92' lang='lat' dir='ltr'>limum</span> <span class='ocrx_word' id='word_1_118' title='bbox 419 1833 484 1881; x_wconf 90' lang='lat' dir='ltr'>bene</span> <span class='ocrx_word' id='word_1_119' title='bbox 497 1831 595 1895; x_wconf 83' lang='lat' dir='ltr'>colligit</span> <span class='ocrx_word' id='word_1_120' title='bbox 608 1845 672 1890; x_wconf 88' lang='lat' dir='ltr'>ovo,</span> 
     </span>
     <span class='ocr_line' id='line_1_20' title="bbox 63 1918 672 1985; baseline 0.003 -17"><span class='ocrx_word' id='word_1_121' title='bbox 63 1929 189 1983; x_wconf 88' lang='lat' dir='ltr'>quatenus</span> <span class='ocrx_word' id='word_1_122' title='bbox 202 1922 255 1970; x_wconf 86' lang='lat' dir='ltr'>ima</span> <span class='ocrx_word' id='word_1_123' title='bbox 266 1922 331 1985; x_wconf 89' lang='lat' dir='ltr'>petit</span> <span class='ocrx_word' id='word_1_124' title='bbox 344 1921 446 1971; x_wconf 85' lang='lat' dir='ltr'>volvens</span> <span class='ocrx_word' id='word_1_125' title='bbox 459 1920 543 1969; x_wconf 85' lang='lat' dir='ltr'>aliena</span> <span class='ocrx_word' id='word_1_126' title='bbox 556 1918 672 1970; x_wconf 90' lang='lat' dir='ltr'>vitellus.</span> 
     </span>
     <span class='ocr_line' id='line_1_21' title="bbox 64 2007 672 2072; baseline -0.005 -14"><span class='ocrx_word' id='word_1_127' title='bbox 64 2010 136 2058; x_wconf 87' lang='lat' dir='ltr'>tostis</span> <span class='ocrx_word' id='word_1_128' title='bbox 149 2016 305 2059; x_wconf 79' lang='lat' dir='ltr'>marcentem</span> <span class='ocrx_word' id='word_1_129' title='bbox 318 2008 418 2072; x_wconf 90' lang='lat' dir='ltr'>squillis</span> <span class='ocrx_word' id='word_1_130' title='bbox 430 2009 556 2058; x_wconf 87' lang='lat' dir='ltr'>recreabis</span> <span class='ocrx_word' id='word_1_131' title='bbox 569 2016 594 2057; x_wconf 92' lang='lat' dir='ltr'>et</span> <span class='ocrx_word' id='word_1_132' title='bbox 606 2007 672 2056; x_wconf 76' lang='lat' dir='ltr'>Afra</span> 
     </span>
     <span class='ocr_line' id='line_1_22' title="bbox 64 2095 692 2162; baseline -0.006 -15"><span class='ocrx_word' id='word_1_133' title='bbox 64 2107 182 2162; x_wconf 90' lang='lat' dir='ltr'>potorem</span> <span class='ocrx_word' id='word_1_134' title='bbox 195 2097 316 2146; x_wconf 89' lang='lat' dir='ltr'>cochlea:</span> <span class='ocrx_word' id='word_1_135' title='bbox 337 2112 399 2146; x_wconf 86' lang='lat' dir='ltr'>nam</span> <span class='ocrx_word' id='word_1_136' title='bbox 411 2098 513 2147; x_wconf 86' lang='lat' dir='ltr'>lactuca</span> <span class='ocrx_word' id='word_1_137' title='bbox 524 2097 625 2145; x_wconf 85' lang='lat' dir='ltr'>innatat</span> <span class='ocrx_word' id='word_1_138' title='bbox 639 2095 692 2144; x_wconf 87' lang='lat' dir='ltr'>acri</span> 
     </span>
     <span class='ocr_line' id='line_1_23' title="bbox 64 2183 800 2250; baseline -0.005 -15"><span class='ocrx_word' id='word_1_139' title='bbox 64 2196 122 2250; x_wconf 85' lang='lat' dir='ltr'>post</span> <span class='ocrx_word' id='word_1_140' title='bbox 134 2187 223 2235; x_wconf 88' lang='lat' dir='ltr'>vinum</span> <span class='ocrx_word' id='word_1_141' title='bbox 236 2185 384 2245; x_wconf 84' lang='lat' dir='ltr'>stomach03</span> <span class='ocrx_word' id='word_1_142' title='bbox 406 2199 486 2249; x_wconf 87' lang='lat' dir='ltr'>perna</span> <span class='ocrx_word' id='word_1_143' title='bbox 499 2185 581 2249; x_wconf 86' lang='lat' dir='ltr'>magis</span> <span class='ocrx_word' id='word_1_144' title='bbox 594 2199 624 2233; x_wconf 88' lang='lat' dir='ltr'>ac</span> <span class='ocrx_word' id='word_1_145' title='bbox 637 2185 719 2248; x_wconf 84' lang='lat' dir='ltr'>magis</span> <span class='ocrx_word' id='word_1_146' title='bbox 731 2183 800 2232; x_wconf 86' lang='lat' dir='ltr'>hillis</span> 
     </span>
     <span class='ocr_line' id='line_1_24' title="bbox 64 2272 669 2337; baseline -0.003 -14"><span class='ocrx_word' id='word_1_147' title='bbox 64 2275 163 2337; x_wconf 84' lang='lat' dir='ltr'>flagitat</span> <span class='ocrx_word' id='word_1_148' title='bbox 176 2275 303 2323; x_wconf 90' lang='lat' dir='ltr'>inmorsus</span> <span class='ocrx_word' id='word_1_149' title='bbox 316 2273 403 2335; x_wconf 88' lang='lat' dir='ltr'>refici,</span> <span class='ocrx_word' id='word_1_150' title='bbox 419 2273 482 2335; x_wconf 90' lang='lat' dir='ltr'>quin</span> <span class='ocrx_word' id='word_1_151' title='bbox 496 2273 583 2322; x_wconf 85' lang='lat' dir='ltr'>omnia</span> <span class='ocrx_word' id='word_1_152' title='bbox 596 2272 669 2322; x_wconf 87' lang='lat' dir='ltr'>malit</span> 
     </span>
     <span class='ocr_line' id='line_1_25' title="bbox 65 2361 729 2426; baseline 0.002 -14"><span class='ocrx_word' id='word_1_153' title='bbox 65 2376 243 2426; x_wconf 89' lang='lat' dir='ltr'>quaecumque</span> <span class='ocrx_word' id='word_1_154' title='bbox 255 2362 388 2411; x_wconf 89' lang='lat' dir='ltr'>inmundis</span> <span class='ocrx_word' id='word_1_155' title='bbox 400 2362 500 2411; x_wconf 76' lang='lat' dir='ltr'>fervent</span> <span class='ocrx_word' id='word_1_156' title='bbox 512 2362 599 2412; x_wconf 88' lang='lat' dir='ltr'>adlata</span> <span class='ocrx_word' id='word_1_157' title='bbox 611 2361 729 2425; x_wconf 90' lang='lat' dir='ltr'>popinis.</span> 
     </span>
     <span class='ocr_line' id='line_1_26' title="bbox 66 2449 697 2514; baseline -0.006 -13"><span class='ocrx_word' id='word_1_158' title='bbox 66 2462 102 2501; x_wconf 88' lang='lat' dir='ltr'>est</span> <span class='ocrx_word' id='word_1_159' title='bbox 116 2465 211 2514; x_wconf 89' lang='lat' dir='ltr'>operae</span> <span class='ocrx_word' id='word_1_160' title='bbox 223 2450 337 2512; x_wconf 87' lang='lat' dir='ltr'>pretinm</span> <span class='ocrx_word' id='word_1_161' title='bbox 349 2450 458 2514; x_wconf 88' lang='lat' dir='ltr'>duplicis</span> <span class='ocrx_word' id='word_1_162' title='bbox 471 2464 620 2514; x_wconf 87' lang='lat' dir='ltr'>pernoscere</span> <span class='ocrx_word' id='word_1_163' title='bbox 632 2449 697 2498; x_wconf 89' lang='lat' dir='ltr'>iuris</span> 
     </span>
     <span class='ocr_line' id='line_1_27' title="bbox 66 2537 657 2601; baseline -0.005 -12"><span class='ocrx_word' id='word_1_164' title='bbox 66 2549 200 2589; x_wconf 87' lang='lat' dir='ltr'>naturam.</span> <span class='ocrx_word' id='word_1_165' title='bbox 226 2538 336 2601; x_wconf 86' lang='lat' dir='ltr'>simplex</span> <span class='ocrx_word' id='word_1_166' title='bbox 350 2553 364 2587; x_wconf 93' lang='lat' dir='ltr'>e</span> <span class='ocrx_word' id='word_1_167' title='bbox 377 2539 446 2588; x_wconf 90' lang='lat' dir='ltr'>dulci</span> <span class='ocrx_word' id='word_1_168' title='bbox 459 2546 559 2589; x_wconf 88' lang='lat' dir='ltr'>constat</span> <span class='ocrx_word' id='word_1_169' title='bbox 572 2537 657 2597; x_wconf 83' lang='lat' dir='ltr'>olive,</span> 
     </span>
    </p>

    <p class='ocr_par' dir='ltr' id='par_1_7' title="bbox 11 2624 700 2693">
     <span class='ocr_line' id='line_1_28' title="bbox 11 2624 700 2693; baseline -0.007 -16"><span class='ocrx_word' id='word_1_170' title='bbox 11 2639 36 2677; x_wconf 78' lang='lat'>5</span> <span class='ocrx_word' id='word_1_171' title='bbox 67 2629 137 2693; x_wconf 88' lang='lat' dir='ltr'>quod</span> <span class='ocrx_word' id='word_1_172' title='bbox 150 2628 241 2692; x_wconf 83' lang='lat' dir='ltr'>pingui</span> <span class='ocrx_word' id='word_1_173' title='bbox 254 2628 359 2677; x_wconf 89' lang='lat' dir='ltr'>miscere</span> <span class='ocrx_word' id='word_1_174' title='bbox 370 2641 441 2677; x_wconf 91' lang='lat' dir='ltr'>mero</span> <span class='ocrx_word' id='word_1_175' title='bbox 454 2628 589 2690; x_wconf 89' lang='lat' dir='ltr'>muriaque</span> <span class='ocrx_word' id='word_1_176' title='bbox 602 2624 700 2675; x_wconf 88' lang='lat' dir='ltr'>decebit</span> 
     </span>
    </p>
   </div>
   <div class='ocr_carea' id='block_1_3' title="bbox 0 0 902 2984">
    <p class='ocr_par' dir='ltr' id='par_1_8' title="bbox 0 0 902 2984">
     <span class='ocr_line' id='line_1_29' title="bbox 0 0 902 2984; baseline 0 0"><span class='ocrx_word' id='word_1_177' title='bbox 0 0 902 2984; x_wconf 95' lang='lat' dir='ltr'> </span> 
     </span>
    </p>
   </div>
  </div>
 </body>
</html>
