<?xml version="1.0" encoding="UTF-8"?>
<!DOCTYPE html PUBLIC "-//W3C//DTD XHTML 1.0 Transitional//EN"
    "http://www.w3.org/TR/xhtml1/DTD/xhtml1-transitional.dtd">
<html xmlns="http://www.w3.org/1999/xhtml" xml:lang="en" lang="en">
 <head>
  <title>
</title>
<meta http-equiv="Content-Type" content="text/html;charset=utf-8" />
  <meta name='ocr-system' content='tesseract 3.04.00' />
  <meta name='ocr-capabilities' content='ocr_page ocr_carea ocr_par ocr_line ocrx_word'/>
</head>
<body>
  <div class='ocr_page' id='page_1' title='image "./qhoratiflacciop00vahlgoog_0197.png"; bbox 0 0 1770 2984; ppageno 0'>
   <div class='ocr_carea' id='block_1_1' title="bbox 121 177 582 230">
    <p class='ocr_par' dir='ltr' id='par_1_1' title="bbox 121 177 582 230">
     <span class='ocr_line' id='line_1_1' title="bbox 121 177 582 230; baseline 0.007 -13"><span class='ocrx_word' id='word_1_1' title='bbox 121 183 172 230; x_wconf 66' lang='lat'><strong>153</strong></span> <span class='ocrx_word' id='word_1_2' title='bbox 402 177 582 220; x_wconf 69' lang='lat' dir='ltr'><strong>suumn!</strong></span> 
     </span>
    </p>
   </div>
   <div class='ocr_carea' id='block_1_2' title="bbox 66 339 872 2257">
    <p class='ocr_par' dir='ltr' id='par_1_2' title="bbox 66 339 838 758">
     <span class='ocr_line' id='line_1_2' title="bbox 66 339 742 404; baseline 0.007 -18"><span class='ocrx_word' id='word_1_3' title='bbox 66 353 106 388; x_wconf 81' lang='lat' dir='ltr'><strong>roo</strong></span> <span class='ocrx_word' id='word_1_4' title='bbox 121 343 208 389; x_wconf 67' lang='lat' dir='ltr'><strong>divisit</strong></span> <span class='ocrx_word' id='word_1_5' title='bbox 219 341 348 400; x_wconf 86' lang='lat' dir='ltr'><strong>medinm,</strong></span> <span class='ocrx_word' id='word_1_6' title='bbox 363 341 504 390; x_wconf 75' lang='lat' dir='ltr'><strong>fortissima</strong></span> <span class='ocrx_word' id='word_1_7' title='bbox 516 339 742 404; x_wconf 67' lang='lat' dir='ltr'><strong>Tyndaridarum.</strong></span> 
     </span>
     <span class='ocr_line' id='line_1_3' title="bbox 118 423 838 494; baseline 0.003 -18"><span class='ocrx_word' id='word_1_8' title='bbox 118 423 191 490; x_wconf 81' lang='lat' dir='ltr'><strong>‘quid</strong></span> <span class='ocrx_word' id='word_1_9' title='bbox 203 431 240 476; x_wconf 90' lang='lat' dir='ltr'><strong>mi</strong></span> <span class='ocrx_word' id='word_1_10' title='bbox 253 431 331 494; x_wconf 81' lang='lat' dir='ltr'><strong>igitur</strong></span> <span class='ocrx_word' id='word_1_11' title='bbox 343 431 452 479; x_wconf 72' lang='lat' dir='ltr'><strong>mdes?</strong></span> <span class='ocrx_word' id='word_1_12' title='bbox 470 442 499 478; x_wconf 89' lang='lat' dir='ltr'><strong>ut</strong></span> <span class='ocrx_word' id='word_1_13' title='bbox 510 429 596 477; x_wconf 74' lang='lat' dir='ltr'><strong>vivam</strong></span> <span class='ocrx_word' id='word_1_14' title='bbox 607 427 722 477; x_wconf 76' lang='lat' dir='ltr'><strong>Naevius</strong></span> <span class='ocrx_word' id='word_1_15' title='bbox 734 436 785 477; x_wconf 84' lang='lat' dir='ltr'><strong>ant</strong></span> <span class='ocrx_word' id='word_1_16' title='bbox 798 430 838 478; x_wconf 90' lang='lat' dir='ltr'><strong>sic</strong></span> 
     </span>
     <span class='ocr_line' id='line_1_4' title="bbox 119 510 725 582; baseline 0 -18"><span class='ocrx_word' id='word_1_17' title='bbox 119 532 147 564; x_wconf 84' lang='lat' dir='ltr'><strong>nt</strong></span> <span class='ocrx_word' id='word_1_18' title='bbox 160 510 365 566; x_wconf 57' lang='lat' dir='ltr'><strong>Nomentanus?</strong></span> <span class='ocrx_word' id='word_1_19' title='bbox 383 519 469 582; x_wconf 83' lang='lat' dir='ltr'><strong>pergis</strong></span> <span class='ocrx_word' id='word_1_20' title='bbox 481 517 623 581; x_wconf 71' lang='lat' dir='ltr'><strong>pugnantia</strong></span> <span class='ocrx_word' id='word_1_21' title='bbox 635 531 725 565; x_wconf 85' lang='lat' dir='ltr'><strong>secum</strong></span> 
     </span>
     <span class='ocr_line' id='line_1_5' title="bbox 120 606 812 669; baseline 0.003 -16"><span class='ocrx_word' id='word_1_22' title='bbox 120 606 247 654; x_wconf 74' lang='lat' dir='ltr'><strong>frontibus</strong></span> <span class='ocrx_word' id='word_1_23' title='bbox 259 608 371 655; x_wconf 76' lang='lat' dir='ltr'><strong>adversis</strong></span> <span class='ocrx_word' id='word_1_24' title='bbox 382 621 542 669; x_wconf 83' lang='lat' dir='ltr'><strong>conponere.</strong></span> <span class='ocrx_word' id='word_1_25' title='bbox 568 621 622 654; x_wconf 91' lang='lat' dir='ltr'><strong>non</strong></span> <span class='ocrx_word' id='word_1_26' title='bbox 635 619 683 669; x_wconf 90' lang='lat' dir='ltr'><strong>ego</strong></span> <span class='ocrx_word' id='word_1_27' title='bbox 697 620 812 668; x_wconf 82' lang='lat' dir='ltr'><strong>avarum</strong></span> 
     </span>
     <span class='ocr_line' id='line_1_6' title="bbox 120 693 827 758; baseline 0.001 -16"><span class='ocrx_word' id='word_1_28' title='bbox 120 710 179 742; x_wconf 91' lang='lat' dir='ltr'><strong>cnm</strong></span> <span class='ocrx_word' id='word_1_29' title='bbox 191 708 251 743; x_wconf 78' lang='lat' dir='ltr'><strong>reto</strong></span> <span class='ocrx_word' id='word_1_30' title='bbox 264 706 289 743; x_wconf 88' lang='lat' dir='ltr'><strong>te</strong></span> <span class='ocrx_word' id='word_1_31' title='bbox 301 695 371 754; x_wconf 86' lang='lat' dir='ltr'><strong>lieri,</strong></span> <span class='ocrx_word' id='word_1_32' title='bbox 385 710 497 758; x_wconf 76' lang='lat' dir='ltr'><strong>vappam</strong></span> <span class='ocrx_word' id='word_1_33' title='bbox 508 693 587 742; x_wconf 91' lang='lat' dir='ltr'><strong>iubeo</strong></span> <span class='ocrx_word' id='word_1_34' title='bbox 601 709 632 742; x_wconf 83' lang='lat' dir='ltr'><strong>ac</strong></span> <span class='ocrx_word' id='word_1_35' title='bbox 644 693 827 743; x_wconf 89' lang='lat' dir='ltr'><strong>nebulonem.</strong></span> 
     </span>
    </p>

    <p class='ocr_par' dir='ltr' id='par_1_3' title="bbox 66 781 793 1198">
     <span class='ocr_line' id='line_1_7' title="bbox 66 781 793 845; baseline 0.001 -16"><span class='ocrx_word' id='word_1_36' title='bbox 66 793 105 829; x_wconf 74' lang='lat'><strong>105</strong></span> <span class='ocrx_word' id='word_1_37' title='bbox 120 796 157 830; x_wconf 77' lang='lat' dir='ltr'><strong>est</strong></span> <span class='ocrx_word' id='word_1_38' title='bbox 170 784 237 830; x_wconf 88' lang='lat' dir='ltr'><strong>inter</strong></span> <span class='ocrx_word' id='word_1_39' title='bbox 248 783 352 831; x_wconf 77' lang='lat' dir='ltr'><strong>Tanain</strong></span> <span class='ocrx_word' id='word_1_40' title='bbox 362 784 487 845; x_wconf 79' lang='lat' dir='ltr'><strong>quiddam</strong></span> <span class='ocrx_word' id='word_1_41' title='bbox 498 796 668 844; x_wconf 81' lang='lat' dir='ltr'><strong>socerumque</strong></span> <span class='ocrx_word' id='word_1_42' title='bbox 679 781 775 830; x_wconf 88' lang='lat' dir='ltr'><strong>Viselli</strong></span> <span class='ocrx_word' id='word_1_43' title='bbox 786 800 793 830; x_wconf 90' lang='lat'>:</span> 
     </span>
     <span class='ocr_line' id='line_1_8' title="bbox 121 869 766 932; baseline 0.002 -15"><span class='ocrx_word' id='word_1_44' title='bbox 121 884 158 918; x_wconf 75' lang='lat' dir='ltr'><strong>est</strong></span> <span class='ocrx_word' id='word_1_45' title='bbox 171 871 263 919; x_wconf 88' lang='lat' dir='ltr'><strong>modus</strong></span> <span class='ocrx_word' id='word_1_46' title='bbox 273 873 301 919; x_wconf 91' lang='lat' dir='ltr'><strong>in</strong></span> <span class='ocrx_word' id='word_1_47' title='bbox 313 871 402 931; x_wconf 80' lang='lat' dir='ltr'><strong>rebus,</strong></span> <span class='ocrx_word' id='word_1_48' title='bbox 416 884 475 920; x_wconf 91' lang='lat' dir='ltr'><strong>sunt</strong></span> <span class='ocrx_word' id='word_1_49' title='bbox 487 872 550 920; x_wconf 90' lang='lat' dir='ltr'><strong>certi</strong></span> <span class='ocrx_word' id='word_1_50' title='bbox 562 871 674 932; x_wconf 82' lang='lat' dir='ltr'><strong>denique</strong></span> <span class='ocrx_word' id='word_1_51' title='bbox 686 869 766 929; x_wconf 86' lang='lat' dir='ltr'><strong>fines,</strong></span> 
     </span>
     <span class='ocr_line' id='line_1_9' title="bbox 121 960 774 1022; baseline 0.006 -17"><span class='ocrx_word' id='word_1_52' title='bbox 121 973 187 1020; x_wconf 87' lang='lat' dir='ltr'><strong>quos</strong></span> <span class='ocrx_word' id='word_1_53' title='bbox 198 960 266 1006; x_wconf 90' lang='lat' dir='ltr'><strong>ultra</strong></span> <span class='ocrx_word' id='word_1_54' title='bbox 278 960 394 1021; x_wconf 88' lang='lat' dir='ltr'><strong>citraque</strong></span> <span class='ocrx_word' id='word_1_55' title='bbox 406 961 496 1022; x_wconf 92' lang='lat' dir='ltr'><strong>nequit</strong></span> <span class='ocrx_word' id='word_1_56' title='bbox 507 960 645 1008; x_wconf 75' lang='lat' dir='ltr'><strong>consistere</strong></span> <span class='ocrx_word' id='word_1_57' title='bbox 657 967 774 1009; x_wconf 85' lang='lat' dir='ltr'><strong>rectum.</strong></span> 
     </span>
     <span class='ocr_line' id='line_1_10' title="bbox 120 1046 760 1110; baseline 0.002 -17"><span class='ocrx_word' id='word_1_58' title='bbox 120 1047 182 1094; x_wconf 89' lang='lat' dir='ltr'><strong>illuc</strong></span> <span class='ocrx_word' id='word_1_59' title='bbox 194 1048 262 1095; x_wconf 90' lang='lat' dir='ltr'><strong>unde</strong></span> <span class='ocrx_word' id='word_1_60' title='bbox 274 1046 328 1094; x_wconf 83' lang='lat' dir='ltr'><strong>abii</strong></span> <span class='ocrx_word' id='word_1_61' title='bbox 341 1048 431 1107; x_wconf 86' lang='lat' dir='ltr'><strong>redeo,</strong></span> <span class='ocrx_word' id='word_1_62' title='bbox 446 1049 492 1110; x_wconf 88' lang='lat' dir='ltr'><strong>qui</strong></span> <span class='ocrx_word' id='word_1_63' title='bbox 504 1062 597 1106; x_wconf 89' lang='lat' dir='ltr'><strong>nemo,</strong></span> <span class='ocrx_word' id='word_1_64' title='bbox 611 1054 640 1095; x_wconf 92' lang='lat' dir='ltr'><strong>ut</strong></span> <span class='ocrx_word' id='word_1_65' title='bbox 652 1061 760 1107; x_wconf 83' lang='lat' dir='ltr'><strong>avarus,</strong></span> 
     </span>
     <span class='ocr_line' id='line_1_11' title="bbox 121 1135 759 1198; baseline -0.002 -15"><span class='ocrx_word' id='word_1_66' title='bbox 121 1151 148 1183; x_wconf 74' lang='lat' dir='ltr'><strong>se</strong></span> <span class='ocrx_word' id='word_1_67' title='bbox 161 1137 251 1198; x_wconf 89' lang='lat' dir='ltr'><strong>probet</strong></span> <span class='ocrx_word' id='word_1_68' title='bbox 265 1152 295 1184; x_wconf 88' lang='lat' dir='ltr'><strong>ae</strong></span> <span class='ocrx_word' id='word_1_69' title='bbox 308 1137 394 1198; x_wconf 90' lang='lat' dir='ltr'><strong>potius</strong></span> <span class='ocrx_word' id='word_1_70' title='bbox 406 1136 493 1185; x_wconf 82' lang='lat' dir='ltr'><strong>loudet</strong></span> <span class='ocrx_word' id='word_1_71' title='bbox 505 1137 604 1185; x_wconf 74' lang='lat' dir='ltr'><strong>diversa</strong></span> <span class='ocrx_word' id='word_1_72' title='bbox 615 1135 759 1197; x_wconf 88' lang='lat' dir='ltr'><strong>sequentis,</strong></span> 
     </span>
    </p>

    <p class='ocr_par' dir='ltr' id='par_1_4' title="bbox 68 1222 872 1640">
     <span class='ocr_line' id='line_1_12' title="bbox 68 1222 778 1288; baseline 0.003 -20"><span class='ocrx_word' id='word_1_73' title='bbox 68 1233 106 1269; x_wconf 90' lang='grc' dir='ltr'><strong>11ο</strong></span> <span class='ocrx_word' id='word_1_74' title='bbox 121 1226 243 1286; x_wconf 85' lang='lat' dir='ltr'><strong>quodque</strong></span> <span class='ocrx_word' id='word_1_75' title='bbox 255 1224 340 1273; x_wconf 87' lang='lat' dir='ltr'><strong>aliena</strong></span> <span class='ocrx_word' id='word_1_76' title='bbox 353 1224 454 1287; x_wconf 80' lang='lat' dir='ltr'><strong>capella</strong></span> <span class='ocrx_word' id='word_1_77' title='bbox 466 1232 539 1288; x_wconf 78' lang='lat' dir='ltr'><strong>geret</strong></span> <span class='ocrx_word' id='word_1_78' title='bbox 550 1224 684 1272; x_wconf 74' lang='lat' dir='ltr'><strong>distentius</strong></span> <span class='ocrx_word' id='word_1_79' title='bbox 696 1222 778 1282; x_wconf 89' lang='lat' dir='ltr'><strong>uber,</strong></span> 
     </span>
     <span class='ocr_line' id='line_1_13' title="bbox 120 1312 688 1376; baseline -0.004 -16"><span class='ocrx_word' id='word_1_80' title='bbox 120 1312 248 1370; x_wconf 78' lang='lat' dir='ltr'><strong>tabescat,</strong></span> <span class='ocrx_word' id='word_1_81' title='bbox 263 1327 346 1374; x_wconf 90' lang='lat' dir='ltr'><strong>neque</strong></span> <span class='ocrx_word' id='word_1_82' title='bbox 359 1327 385 1360; x_wconf 88' lang='lat' dir='ltr'><strong>se</strong></span> <span class='ocrx_word' id='word_1_83' title='bbox 397 1313 491 1360; x_wconf 87' lang='lat' dir='ltr'><strong>maiori</strong></span> <span class='ocrx_word' id='word_1_84' title='bbox 504 1312 688 1376; x_wconf 76' lang='lat' dir='ltr'><strong>pauperiorum</strong></span> 
     </span>
     <span class='ocr_line' id='line_1_14' title="bbox 120 1400 872 1463; baseline 0.005 -15"><span class='ocrx_word' id='word_1_85' title='bbox 120 1400 211 1448; x_wconf 86' lang='lat' dir='ltr'><strong>turbae</strong></span> <span class='ocrx_word' id='word_1_86' title='bbox 224 1410 363 1462; x_wconf 84' lang='lat' dir='ltr'><strong>conparet,</strong></span> <span class='ocrx_word' id='word_1_87' title='bbox 376 1401 446 1449; x_wconf 90' lang='lat' dir='ltr'><strong>hunc</strong></span> <span class='ocrx_word' id='word_1_88' title='bbox 459 1408 537 1462; x_wconf 85' lang='lat' dir='ltr'><strong>atque</strong></span> <span class='ocrx_word' id='word_1_89' title='bbox 549 1401 618 1448; x_wconf 89' lang='lat' dir='ltr'><strong>bunc</strong></span> <span class='ocrx_word' id='word_1_90' title='bbox 631 1415 756 1463; x_wconf 84' lang='lat' dir='ltr'><strong>superare</strong></span> <span class='ocrx_word' id='word_1_91' title='bbox 767 1401 872 1454; x_wconf 71' lang='lat' dir='ltr'><strong>laboret</strong></span> 
     </span>
     <span class='ocr_line' id='line_1_15' title="bbox 121 1487 717 1552; baseline 0.002 -17"><span class='ocrx_word' id='word_1_92' title='bbox 121 1488 169 1551; x_wconf 80' lang='lat' dir='ltr'><strong>(sie</strong></span> <span class='ocrx_word' id='word_1_93' title='bbox 183 1489 317 1537; x_wconf 81' lang='lat' dir='ltr'><strong>festinanti</strong></span> <span class='ocrx_word' id='word_1_94' title='bbox 330 1503 430 1552; x_wconf 84' lang='lat' dir='ltr'><strong>semper</strong></span> <span class='ocrx_word' id='word_1_95' title='bbox 443 1489 597 1552; x_wconf 90' lang='lat' dir='ltr'><strong>locupletior</strong></span> <span class='ocrx_word' id='word_1_96' title='bbox 608 1487 717 1552; x_wconf 85' lang='lat' dir='ltr'><strong>obstat),</strong></span> 
     </span>
     <span class='ocr_line' id='line_1_16' title="bbox 121 1576 809 1640; baseline 0.006 -17"><span class='ocrx_word' id='word_1_97' title='bbox 121 1588 163 1635; x_wconf 89' lang='lat' dir='ltr'><strong>ut,</strong></span> <span class='ocrx_word' id='word_1_98' title='bbox 180 1591 239 1623; x_wconf 88' lang='lat' dir='ltr'><strong>eum</strong></span> <span class='ocrx_word' id='word_1_99' title='bbox 252 1577 397 1625; x_wconf 82' lang='lat' dir='ltr'><strong>carceribus</strong></span> <span class='ocrx_word' id='word_1_100' title='bbox 409 1577 500 1626; x_wconf 87' lang='lat' dir='ltr'><strong>missos</strong></span> <span class='ocrx_word' id='word_1_101' title='bbox 512 1578 580 1640; x_wconf 81' lang='lat' dir='ltr'><strong>rapit</strong></span> <span class='ocrx_word' id='word_1_102' title='bbox 592 1576 689 1640; x_wconf 86' lang='lat' dir='ltr'><strong>ungula</strong></span> <span class='ocrx_word' id='word_1_103' title='bbox 701 1592 809 1640; x_wconf 85' lang='lat' dir='ltr'><strong>currus,</strong></span> 
     </span>
    </p>

    <p class='ocr_par' dir='ltr' id='par_1_5' title="bbox 68 1664 771 2083">
     <span class='ocr_line' id='line_1_17' title="bbox 68 1664 737 1729; baseline 0.007 -22"><span class='ocrx_word' id='word_1_104' title='bbox 68 1673 106 1709; x_wconf 82' lang='lat'><strong>115</strong></span> <span class='ocrx_word' id='word_1_105' title='bbox 121 1666 198 1713; x_wconf 81' lang='lat' dir='ltr'><strong>instat</strong></span> <span class='ocrx_word' id='word_1_106' title='bbox 211 1666 283 1727; x_wconf 87' lang='lat' dir='ltr'><strong>equis</strong></span> <span class='ocrx_word' id='word_1_107' title='bbox 297 1666 388 1729; x_wconf 78' lang='lat' dir='ltr'><strong>auriga</strong></span> <span class='ocrx_word' id='word_1_108' title='bbox 400 1682 459 1715; x_wconf 89' lang='lat' dir='ltr'><strong>suos</strong></span> <span class='ocrx_word' id='word_1_109' title='bbox 472 1665 646 1723; x_wconf 79' lang='lat' dir='ltr'><strong>vincentibus,</strong></span> <span class='ocrx_word' id='word_1_110' title='bbox 662 1664 737 1712; x_wconf 90' lang='lat' dir='ltr'><strong>illum</strong></span> 
     </span>
     <span class='ocr_line' id='line_1_18' title="bbox 120 1754 771 1815; baseline 0.008 -15"><span class='ocrx_word' id='word_1_111' title='bbox 120 1754 287 1815; x_wconf 85' lang='lat' dir='ltr'><strong>praeteritum</strong></span> <span class='ocrx_word' id='word_1_112' title='bbox 299 1766 415 1803; x_wconf 90' lang='lat' dir='ltr'><strong>temnens</strong></span> <span class='ocrx_word' id='word_1_113' title='bbox 428 1762 557 1803; x_wconf 85' lang='lat' dir='ltr'><strong>extremos</strong></span> <span class='ocrx_word' id='word_1_114' title='bbox 568 1754 637 1802; x_wconf 87' lang='lat' dir='ltr'><strong>inter</strong></span> <span class='ocrx_word' id='word_1_115' title='bbox 651 1761 771 1805; x_wconf 87' lang='lat' dir='ltr'><strong>euntem.</strong></span> 
     </span>
     <span class='ocr_line' id='line_1_19' title="bbox 120 1842 665 1905; baseline 0 -17"><span class='ocrx_word' id='word_1_116' title='bbox 120 1843 179 1890; x_wconf 91' lang='lat' dir='ltr'><strong>inde</strong></span> <span class='ocrx_word' id='word_1_117' title='bbox 192 1843 218 1890; x_wconf 85' lang='lat' dir='ltr'><strong>fit</strong></span> <span class='ocrx_word' id='word_1_118' title='bbox 231 1851 260 1890; x_wconf 88' lang='lat' dir='ltr'><strong>ut</strong></span> <span class='ocrx_word' id='word_1_119' title='bbox 272 1859 342 1902; x_wconf 84' lang='lat' dir='ltr'><strong>raro,</strong></span> <span class='ocrx_word' id='word_1_120' title='bbox 357 1844 403 1905; x_wconf 87' lang='lat' dir='ltr'><strong>qui</strong></span> <span class='ocrx_word' id='word_1_121' title='bbox 415 1859 442 1891; x_wconf 91' lang='lat' dir='ltr'><strong>se</strong></span> <span class='ocrx_word' id='word_1_122' title='bbox 454 1843 547 1890; x_wconf 79' lang='lat' dir='ltr'><strong>vixisse</strong></span> <span class='ocrx_word' id='word_1_123' title='bbox 559 1842 665 1890; x_wconf 88' lang='lat' dir='ltr'><strong>beatum</strong></span> 
     </span>
     <span class='ocr_line' id='line_1_20' title="bbox 121 1930 675 1993; baseline -0.002 -16"><span class='ocrx_word' id='word_1_124' title='bbox 121 1932 189 1979; x_wconf 88' lang='lat' dir='ltr'><strong>dieat</strong></span> <span class='ocrx_word' id='word_1_125' title='bbox 202 1939 227 1979; x_wconf 88' lang='lat' dir='ltr'><strong>et</strong></span> <span class='ocrx_word' id='word_1_126' title='bbox 240 1940 331 1980; x_wconf 84' lang='lat' dir='ltr'><strong>exacto</strong></span> <span class='ocrx_word' id='word_1_127' title='bbox 345 1939 481 1980; x_wconf 85' lang='lat' dir='ltr'><strong>contentus</strong></span> <span class='ocrx_word' id='word_1_128' title='bbox 493 1938 609 1993; x_wconf 87' lang='lat' dir='ltr'><strong>tempore</strong></span> <span class='ocrx_word' id='word_1_129' title='bbox 622 1930 675 1977; x_wconf 85' lang='lat' dir='ltr'><strong>vita</strong></span> 
     </span>
     <span class='ocr_line' id='line_1_21' title="bbox 121 2019 734 2083; baseline 0.002 -17"><span class='ocrx_word' id='word_1_130' title='bbox 121 2020 195 2067; x_wconf 85' lang='lat' dir='ltr'><strong>cedat</strong></span> <span class='ocrx_word' id='word_1_131' title='bbox 207 2020 245 2067; x_wconf 89' lang='lat' dir='ltr'><strong>uti</strong></span> <span class='ocrx_word' id='word_1_132' title='bbox 259 2020 367 2067; x_wconf 69' lang='lat' dir='ltr'><strong>convivo</strong></span> <span class='ocrx_word' id='word_1_133' title='bbox 379 2027 463 2080; x_wconf 86' lang='lat' dir='ltr'><strong>satur,</strong></span> <span class='ocrx_word' id='word_1_134' title='bbox 478 2019 587 2083; x_wconf 88' lang='lat' dir='ltr'><strong>reperire</strong></span> <span class='ocrx_word' id='word_1_135' title='bbox 600 2031 734 2080; x_wconf 79' lang='lat' dir='ltr'><strong>queamus.</strong></span> 
     </span>
    </p>

    <p class='ocr_par' dir='ltr' id='par_1_6' title="bbox 67 2105 793 2257">
     <span class='ocr_line' id='line_1_22' title="bbox 67 2105 736 2170; baseline 0.009 -21"><span class='ocrx_word' id='word_1_136' title='bbox 67 2113 106 2150; x_wconf 72' lang='lat'><strong>120</strong></span> <span class='ocrx_word' id='word_1_137' title='bbox 121 2105 173 2153; x_wconf 85' lang='lat' dir='ltr'><strong>iam</strong></span> <span class='ocrx_word' id='word_1_138' title='bbox 186 2107 247 2154; x_wconf 84' lang='lat' dir='ltr'><strong>satis</strong></span> <span class='ocrx_word' id='word_1_139' title='bbox 260 2116 309 2158; x_wconf 87' lang='lat' dir='ltr'><strong>est.</strong></span> <span class='ocrx_word' id='word_1_140' title='bbox 337 2122 369 2155; x_wconf 91' lang='lat' dir='ltr'><strong>ne</strong></span> <span class='ocrx_word' id='word_1_141' title='bbox 383 2122 424 2156; x_wconf 90' lang='lat' dir='ltr'><strong>me</strong></span> <span class='ocrx_word' id='word_1_142' title='bbox 439 2106 552 2170; x_wconf 88' lang='lat' dir='ltr'><strong>Crispini</strong></span> <span class='ocrx_word' id='word_1_143' title='bbox 563 2106 657 2155; x_wconf 86' lang='lat' dir='ltr'><strong>scrinia</strong></span> <span class='ocrx_word' id='word_1_144' title='bbox 669 2105 736 2168; x_wconf 90' lang='lat' dir='ltr'><strong>lippi</strong></span> 
     </span>
     <span class='ocr_line' id='line_1_23' title="bbox 122 2193 793 2257; baseline 0.013 -19"><span class='ocrx_word' id='word_1_145' title='bbox 122 2193 264 2254; x_wconf 80' lang='lat' dir='ltr'><strong>conpilasse</strong></span> <span class='ocrx_word' id='word_1_146' title='bbox 277 2203 364 2257; x_wconf 83' lang='lat' dir='ltr'><strong>putes,</strong></span> <span class='ocrx_word' id='word_1_147' title='bbox 378 2197 484 2245; x_wconf 82' lang='lat' dir='ltr'><strong>verbum</strong></span> <span class='ocrx_word' id='word_1_148' title='bbox 495 2210 549 2244; x_wconf 91' lang='lat' dir='ltr'><strong>non</strong></span> <span class='ocrx_word' id='word_1_149' title='bbox 563 2195 672 2257; x_wconf 81' lang='lat' dir='ltr'><strong>emplius</strong></span> <span class='ocrx_word' id='word_1_150' title='bbox 685 2193 793 2247; x_wconf 84' lang='lat' dir='ltr'><strong>addam.</strong></span> 
     </span>
    </p>
   </div>
   <div class='ocr_carea' id='block_1_3' title="bbox 0 0 894 2984">
    <p class='ocr_par' dir='ltr' id='par_1_7' title="bbox 0 0 894 2984">
     <span class='ocr_line' id='line_1_24' title="bbox 0 0 894 2984; baseline 0 0"><span class='ocrx_word' id='word_1_151' title='bbox 0 0 894 2984; x_wconf 95' lang='lat' dir='ltr'><strong> </strong></span> 
     </span>
    </p>
   </div>
  </div>
 </body>
</html>
