1770 2984
259 194 293 245 68
549 192 715 237 clamauit

257 353 358 404 scandit
371 361 470 405 acratas
483 355 576 404 vitiosa
588 355 660 405 navis

257 456 333 504 cura,
347 457 395 492 nec
408 451 505 492 turmas
518 444 633 506 equitnm
645 443 785 509 relinquit,

257 529 329 578 ocior
341 531 421 581 cervis
434 539 459 582 et
471 540 562 597 agente
575 531 677 581 nimbos

257 617 330 667 ocior
342 631 415 669 euro.

30 752 68 835 ᾗ
116 758 125 823 ζῇ
203 767 228 807 at
256 759 338 810 laetus
351 761 378 810 in
391 776 509 824 praesens
521 762 623 811 animus
635 760 704 825 quod
717 762 789 813 ultra
802 774 845 816 eet

257 849 340 899 oderit
352 864 442 899 curare
456 857 480 899 et
493 864 581 899 amara
593 849 663 899 lento

255 945 379 1001 temperet
390 937 457 987 riam
480 937 546 986 nihil
559 945 595 988 est
608 938 641 988 ab
655 938 728 987 omni

256 1034 329 1089 parte
341 1026 458 1075 beatum.

257 1166 361 1216 abstulit
374 1167 473 1217 clarum
486 1166 537 1217 cita
547 1182 615 1217 mors
628 1166 772 1229 Achillem,

102 1246 122 1291 ⁴-
203 1263 228 1304 to
255 1254 334 1318 longa
347 1254 490 1304 Tithonum
503 1255 597 1304 minuit
609 1264 739 1318 senectus,

256 1352 281 1391 et
294 1342 359 1391 mihi
373 1343 462 1392 forsan
474 1342 522 1392 tibi
535 1342 604 1405 quod
616 1343 718 1408 negarit

256 1430 371 1496 porriget
382 1431 462 1483 hora.

256 1579 281 1621 te
294 1585 382 1636 greges
395 1580 498 1621 centum
512 1568 665 1636 Siculaeque
678 1572 775 1622 circum

101 1720 103 1733 μ
255 1660 375 1724 mugiunt
387 1675 493 1720 vaccae,
508 1660 558 1710 tibi
571 1660 640 1711 tollit
651 1661 784 1711 hinnitum

96 1722 121 1781 3:
203 1756 228 1796 ts
257 1755 318 1812 apta
331 1749 463 1812 quadrigis
477 1764 557 1812 equa,
571 1756 597 1800 te
609 1749 648 1799 bis
660 1749 726 1798 Afro

100 1820 102 1829 ¹
117 1824 120 1829 ’
255 1837 353 1887 murice
364 1839 460 1888 tinctae

255 1979 366 2030 vestiunt
376 1979 466 2028 lanae:
488 1979 552 2028 mihi
565 1995 645 2043 parva
657 1994 717 2028 rura
730 1988 755 2029 et

255 2067 375 2130 spiritum
389 2065 483 2116 Graiae
495 2074 598 2117 tenuem
611 2082 733 2118 camenae

255 2168 333 2216 parca
345 2169 398 2203 non
411 2153 523 2204 mendax
534 2154 604 2204 dedit
616 2164 642 2205 et
654 2156 797 2222 malignum

204 2253 229 2290 ro
256 2255 375 2305 spernere
387 2242 491 2306 volgus.
