1770 2984
245 183 295 233 132
532 171 716 215 mmmm

192 350 218 390 tt
246 340 367 406 posthoc
379 335 498 388 secundis
511 347 594 396 usque
605 332 756 389 laboribus

245 429 365 479 Romane
377 425 457 489 pubes
469 423 562 483 crevit,
578 429 605 471 et
617 422 701 488 inpio

246 524 345 566 vertetu
356 515 504 563 Poenorum
516 510 632 560 tumultu

246 605 307 654 isne
320 604 381 654 deos
394 601 506 650 habuere
518 606 616 659 rectos,

247 744 363 808 dixitque
376 742 482 793 tandem
494 739 607 806 perfidus
618 739 771 795 Hannibal

195 845 222 883 oo
248 826 340 892 berti,
355 832 476 896 luporum
489 829 584 895 praede
597 831 761 895 rapacium,

246 932 375 972 sectemur
387 919 470 981 ultro,
485 932 549 981 quos
562 917 671 980 opimus

247 1010 336 1059 fellere
349 1016 373 1058 et
387 1007 498 1072 effugere
511 1014 548 1057 est
560 1006 733 1069 triumphus.

247 1166 322 1214 gens,
337 1164 404 1213 quee
418 1158 533 1198 cremato
547 1147 622 1196 fortis
633 1146 670 1195 eb
684 1149 741 1200 Ilio

248 1239 344 1288 iactate
357 1238 448 1287 Tuscis
461 1235 616 1300 aequoribus
627 1249 708 1286 suere

193 1334 219 1375 ot
248 1335 374 1388 natosque
386 1333 552 1387 maturosque
564 1330 651 1387 patres

247 1413 352 1477 pertulit
365 1412 495 1462 Ausonius
508 1412 541 1462 ed
553 1410 638 1470 urbis,

248 1555 318 1603 duris
333 1561 361 1602 ut
373 1554 425 1603 ilex
438 1562 512 1604 tonsu
523 1551 678 1618 bipennibus

249 1642 337 1706 nigrae
351 1642 431 1692 fereci
444 1641 544 1690 frondis
557 1641 583 1688 in
597 1638 713 1703 Algido,

249 1731 415 1794 perdamne,
429 1745 475 1793 per
488 1729 587 1788 eredis,
603 1728 636 1776 eb
649 1728 709 1791 ipso

196 1830 221 1869 ee
250 1819 321 1868 ducit
333 1833 393 1881 opes
407 1818 574 1880 animumque
585 1815 669 1865 ferro.

249 1976 302 2010 non
315 1960 398 2024 hydre
411 1966 480 2008 secto
494 1972 602 2021 corpore
614 1956 715 2008 firmior

249 2048 317 2096 vinei
331 2047 460 2096 dolentem
472 2047 552 2097 erevit
564 2047 592 2095 in
603 2043 764 2110 Herculem,

250 2144 423 2183 monstrumve
436 2134 578 2184 submisere
590 2132 682 2183 Colchi

251 2223 334 2271 meins
347 2222 520 2273 Echioniaeve
533 2221 653 2272 Thebae.

197 2373 223 2412 oe
251 2377 344 2412 merses
356 2361 501 2426 profundo,
518 2362 652 2426 pulchrior
664 2364 751 2413 evenit
762 2382 770 2425 3

250 2450 360 2509 luctere,
375 2449 457 2498 mults
469 2457 574 2514 proruet
585 2451 715 2513 integrum

251 2554 309 2588 eum
323 2538 399 2588 leude
412 2539 549 2599 victorem,
564 2545 687 2601 geretque

247 2626 350 2694 proelis
363 2626 516 2692 coniugibus
528 2625 671 2689 loquenda.
