1770 2984
361 179 455 221 arura
469 180 505 220 11.-
753 189 803 236 257

57 342 170 401 dixeris,
186 342 322 404 experiar:
344 341 380 389 ‘si
393 341 446 401 vis,
462 333 549 405 potas'
562 343 635 391 addit
648 352 672 392 et
684 343 777 392 instat.

10 436 31 476 lo
59 431 182 492 septimus
196 436 287 478 octavo
300 430 405 493 propior
417 431 471 478 iam
483 430 579 495 fugerit
592 446 673 481 annus

56 533 89 567 ex
103 532 154 580 quo
168 518 306 567 Maecenas
319 532 360 568 me
373 519 460 582 coepit
472 519 568 568 habere
581 534 687 569 suorum

56 606 84 654 in
96 621 219 666 numero,
236 607 375 655 dumtaxat
387 607 420 656 ad
433 608 499 667 hoc,
514 623 592 670 quem
604 609 695 658 tollere
708 610 788 658 rheda

56 694 131 743 vellet
144 694 304 744 iterfaciens
318 703 342 743 et
355 693 397 742 cui
410 696 563 746 concredere
576 712 658 761 nugas

57 783 107 832 hoc
119 798 211 847 genus,
227 782 306 830 ‘hora
318 790 399 845 quota
410 781 464 852 est?
476 781 582 832 Thraex
594 790 630 833 est
642 783 745 834 Gallina
758 784 823 850 Syro

429 869 493 934 pari

10 966 30 1005 tt
59 961 186 1011 matutina
199 975 291 1024 parum
304 968 395 1009 cautos
408 959 461 1008 iam
475 959 574 1024 frigora
586 962 704 1010 mordent
712 953 730 1020 ‚'

58 1058 83 1098 et
96 1061 161 1113 quae
174 1050 271 1099 rimosa
284 1048 349 1098 bene
361 1048 526 1112 deponuntur
538 1049 565 1097 in
577 1063 654 1098 aure.

58 1152 102 1200 per
115 1146 198 1187 totum
210 1138 260 1186 hoc
273 1143 374 1199 tempus
387 1136 528 1186 subiectior
541 1136 568 1184 in
582 1136 651 1186 diem
664 1144 688 1187 et
702 1137 794 1186 boram

57 1226 171 1275 invidiae
183 1232 286 1276 noster.
313 1224 388 1273 ludos
400 1232 559 1289 spectaverat
571 1239 637 1285 una,

57 1314 152 1363 luserat
164 1314 191 1362 in
205 1326 314 1376 campo:
337 1306 483 1362 ‘Fortunae
496 1312 577 1362 filius'
590 1327 691 1363 omues.

10 1407 31 1446 to
59 1402 167 1465 frigidus
180 1417 195 1449 a
207 1401 295 1451 rostris
308 1409 397 1451 manat
410 1415 456 1465 per
468 1402 581 1466 compita
593 1417 695 1452 rumor:

59 1491 215 1552 quicumque
228 1489 318 1539 obvius
329 1497 382 1551 est,
396 1503 437 1539 me
449 1490 576 1540 consulit:
590 1489 619 1539 ‘o
627 1492 694 1540 bone
700 1489 775 1554 (nam
781 1499 806 1541 te

57 1579 138 1639 scire,
153 1579 214 1627 deos
227 1578 353 1640 quoniam
365 1579 472 1642 propius
485 1579 629 1643 contingis,
644 1579 773 1643 oportet),

58 1666 183 1729 numquid
198 1666 229 1715 de
241 1665 322 1715 Dacis
335 1666 429 1714 audisti
437 1656 460 1714 i’
479 1666 517 1714 nil
529 1667 661 1729 equidem.
680 1661 723 1716 ‘ut
734 1677 762 1717 tu

58 1769 155 1817 semper
169 1754 217 1802 eris
230 1747 353 1803 derisor.’
378 1760 405 1802 at
417 1767 506 1802 omnes
519 1754 545 1802 di
558 1755 690 1818 exagitent
702 1769 743 1804 me

10 1846 31 1886 st
59 1844 81 1890 si
94 1842 248 1905 quicquam.
273 1840 367 1904 ‘quior
387 1841 512 1891 militibus
529 1842 655 1905 promissa
668 1842 807 1904 Triquetra

58 1931 163 1994 praedia
177 1929 274 1980 Caesar
286 1945 320 1979 an
333 1937 370 1978 est
381 1929 450 1979 Itala
462 1929 553 1980 tellure
565 1931 671 1980 daturus
680 1922 704 1978 ἴθ’

58 2019 186 2068 iurantem
199 2033 241 2067 me
254 2019 318 2068 scire
331 2017 396 2066 nihil
409 2018 536 2066 mirantur
547 2025 576 2066 ut
588 2032 668 2067 unum

58 2107 158 2155 scilicet
170 2106 268 2170 egregii
281 2105 417 2155 mortalem
429 2106 524 2168 altique
536 2106 637 2156 silenti.

59 2195 175 2259 porgitur
188 2194 253 2244 haee
265 2194 333 2244 inter
345 2194 438 2244 misero
451 2193 513 2254 lux,
528 2207 580 2243 uon
594 2194 649 2244 sine
661 2195 743 2245 votis:

10 2290 31 2328 ro
60 2298 75 2331 o
88 2299 145 2344 rus,
160 2283 264 2346 quando
277 2296 326 2345 ego
339 2289 365 2332 te
377 2282 504 2347 aspiciam
516 2283 669 2345 quandoque
682 2282 769 2333 licebit

58 2387 126 2420 nuuc
139 2378 254 2421 veterum
266 2369 354 2431 libris,
373 2385 442 2421 nunc
454 2384 546 2420 somno
559 2378 583 2421 et
596 2369 721 2420 inertibus
733 2371 805 2419 horis

58 2460 151 2508 ducere
163 2459 290 2509 sollicitae
301 2459 417 2508 iucunda
430 2459 526 2509 oblivia
539 2459 623 2508 vitae?

58 2560 74 2594 o
88 2547 192 2608 quando
207 2546 268 2595 faba
281 2547 446 2612 Pythagorae
459 2555 570 2612 cognata
581 2547 709 2610 simulque

57 2643 137 2684 uncta
149 2635 210 2684 satis
223 2635 315 2699 pingui
327 2644 456 2700 ponentur
469 2636 584 2686 oluscula
597 2634 688 2685 lardo?

83 2738 207 2782 Horatius.
220 2737 259 2779 sd.
271 2737 332 2780 1111.
627 2738 655 2774 Ἦ
