1770 2984
362 125 499 166 Pourms.

58 289 181 336 lectorem
195 288 345 335 delectando
359 288 504 350 pariterque
517 291 660 338 monendo.

10 385 44 422 tto
59 378 101 424 hic
115 384 194 425 meret
207 392 267 424 uero
280 376 344 424 liber
357 375 454 437 Sosiis,
469 377 512 426 hic
526 388 550 427 et
562 393 632 427 mere
644 379 736 426 transit

60 473 83 513 et
97 466 204 528 longum
217 474 279 513 noto
293 466 410 528 scriptori
424 477 548 530 prorogat
562 482 666 516 serum.

60 562 118 602 sunt
132 555 224 603 delicte
237 563 326 603 tamen
338 556 431 618 quibus
443 556 570 619 ignovisse
582 556 704 604 velimus:

59 658 120 690 nam
139 657 222 704 neque
242 643 340 691 chordo
358 658 451 692 sonum
463 645 546 693 reddit
559 658 636 707 quem
649 644 702 692 volt
715 659 807 692 manus

433 741 458 782 et
470 747 556 790 mens,

61 820 227 882 poscentique
240 835 345 882 gravem
359 835 481 883 persaepe
494 822 601 870 remittit
614 831 733 880 scutum,

10 913 46 952 ³⁵0
60 922 107 956 nec
121 923 220 970 semper
231 909 307 957 feriet
320 910 500 971 quodcumque
512 910 653 959 minabitur
666 926 754 959 orcus.

60 1011 149 1045 verum
163 997 206 1045 ubi
219 997 296 1058 plura
308 998 391 1047 nitent
403 999 430 1046 in
444 999 571 1057 carmine,
591 1013 644 1047 non
657 1013 704 1062 ego
718 999 808 1062 paucis

62 1084 178 1134 offendar
191 1086 316 1147 maculis,
332 1101 394 1148 quas
407 1096 452 1135 out
464 1087 565 1135 incuria
578 1086 645 1136 fudit

61 1183 107 1222 aut
120 1175 234 1223 humana
246 1189 338 1237 purum
352 1175 420 1223 cavit
432 1185 538 1226 natura.
567 1176 629 1237 quid
643 1175 743 1239 ergoet?

62 1271 91 1310 ut
103 1264 211 1326 scriptor
223 1263 245 1311 si
257 1271 347 1326 peccat
359 1263 429 1311 idem
440 1263 561 1312 librarius
573 1279 667 1326 usque,

10 1356 47 1394 ³⁶⁵
63 1353 180 1413 quemvis
193 1359 229 1400 est
242 1351 371 1411 monitus,
385 1352 460 1401 venis
473 1361 555 1411 curet,
570 1360 599 1400 ut
611 1352 775 1402 citharoedus

62 1441 174 1500 ridetur,
190 1441 286 1489 chorda
300 1441 344 1504 qui
358 1455 456 1504 semper
469 1442 573 1491 oberrat
585 1442 690 1500 eadem,

62 1530 98 1578 sic
111 1528 191 1588 mihi,
207 1530 251 1591 qui
264 1529 374 1577 multum
387 1539 483 1589 cesset,
499 1531 527 1580 fit
540 1529 677 1579 Choerilus
689 1529 749 1588 iiie,

63 1633 140 1680 quem
153 1618 191 1667 bis
204 1625 274 1666 terve
288 1616 386 1665 bonum
399 1632 458 1666 cum
471 1619 523 1666 risu
535 1620 629 1678 miror3
651 1627 676 1668 et
688 1618 758 1666 idem

63 1707 185 1769 indignor
198 1707 354 1768 quandoque
367 1705 449 1754 bonus
462 1707 584 1755 dormitat
597 1705 736 1755 Homerus:

10 1800 50 1839 ooo
64 1810 154 1844 verum
168 1796 240 1858 operi
253 1795 333 1858 longo
347 1794 387 1844 fas
399 1802 438 1844 est
451 1796 573 1859 obrepere
587 1809 722 1843 somnum.

63 1892 92 1932 ut
105 1886 206 1947 pictura
218 1884 317 1946 poesis:
340 1883 388 1932 erit
401 1899 483 1946 quae,
498 1885 519 1932 si
532 1884 638 1947 propius
650 1889 712 1940 stes,

63 1983 89 2022 te
102 1973 188 2035 cupiat
201 1972 299 2035 magis,
314 1980 340 2021 et
352 1973 495 2034 quaedum,
510 1973 532 2020 si
545 1972 647 2036 longius
660 1971 757 2028 obstes3

65 2062 130 2109 haec
143 2067 215 2108 amet
227 2060 381 2120 obscurum,
396 2059 465 2109 volet
477 2060 542 2108 haec
554 2060 601 2108 sub
614 2059 671 2108 luce
683 2058 780 2117 videri,

65 2149 158 2197 iudicis
171 2156 290 2212 argutum
303 2163 369 2210 quae
382 2163 436 2197 non
448 2148 570 2201 formidat
582 2162 704 2207 acumem

13 2243 52 2283 sco
67 2237 130 2285 haec
144 2236 243 2300 plucuit
256 2236 349 2296 semel,
371 2236 435 2285 haec
448 2236 551 2286 deciens
563 2237 671 2300 repetita
683 2235 811 2300 placebit.

68 2339 83 2372 o
98 2326 182 2372 maior
194 2325 332 2383 iuvenum,
348 2325 466 2386 quamvis
479 2332 504 2374 et
516 2338 579 2373 voce
591 2332 699 2389 paterna

68 2413 170 2476 fingeris
184 2413 217 2460 sd
229 2420 328 2461 rectum
342 2421 367 2462 et
378 2428 425 2476 per
437 2421 462 2462 te
475 2413 557 2476 sapis,
572 2413 621 2462 hoc
634 2413 684 2463 tibi
696 2413 795 2461 dictum

69 2500 131 2549 tolle
143 2514 256 2561 memor,
273 2502 349 2551 certis
362 2502 477 2550 medium
489 2509 515 2551 et
527 2502 660 2552 tolerabile
673 2501 747 2550 rebus

68 2595 136 2638 recte
150 2589 272 2638 concedi:
294 2589 425 2640 consultus
437 2590 502 2638 iuris
516 2597 541 2638 et
553 2596 625 2638 octor
