1784 3000
384 170 564 212 sarmatum

438 474 503 525 VH.

100 686 260 736 ‘Iandudum
273 686 390 736 ausculto
403 694 430 737 et
442 687 549 749 cupiens
561 685 610 735 tibi
622 686 708 736 dicero
721 702 813 738 servus

102 791 186 839 pauca
198 776 340 825 reformido
347 764 362 823 .'
388 773 528 823 Davusne?
552 766 618 833 ‘ita‚
632 773 741 837 Davus,
757 777 873 828 amicum

103 865 263 928 mancipium
277 864 383 913 domino
396 869 422 912 et
434 861 503 927 frugi
515 862 585 925 quod
597 862 630 911 sit
643 863 720 925 satis,
735 864 788 915 hoo
803 874 855 927 est,

103 961 132 1002 ut
146 952 224 1002 vitale
236 960 309 1016 putes
317 945 330 999 .'
358 965 422 1014 age,
436 950 554 1000 libertate
567 951 712 1010 decembri,

64 1047 76 1086 t
105 1042 208 1102 qnando
221 1040 258 1091 ita
271 1040 382 1090 maiores
393 1040 542 1100 voluerunt,
556 1047 642 1098 utere,
657 1053 751 1089 narra.

103 1129 176 1192 ‘pars
188 1130 325 1179 hominum
338 1127 407 1177 vitiis
420 1126 515 1190 gaudet
527 1135 673 1177 constanter
686 1135 712 1177 et
725 1139 823 1194 urguet

104 1218 281 1281 propositum,
296 1232 357 1282 pars
369 1216 450 1266 multa
462 1222 551 1275 natat,
565 1215 643 1264 modo
656 1223 729 1266 recta
742 1231 889 1280 capessens,

104 1305 233 1354 interdum
245 1305 329 1370 pravis
342 1305 471 1354 obnoxia.
497 1317 572 1367 saepe
585 1311 689 1353 notatus

105 1407 163 1440 cum
176 1393 258 1441 tribus
271 1392 379 1451 anellis,
394 1392 472 1441 modo
484 1392 557 1441 laeva
570 1392 673 1441 Priscus
685 1392 776 1454 inani,

53 1489 78 1526 10
106 1480 171 1528 vixit
183 1480 340 1544 inaequalis,
355 1480 457 1529 clavum
468 1486 497 1529 ut
510 1487 620 1530 mutaret
632 1480 660 1529 in
672 1480 770 1543 horas,

106 1568 212 1617 aedibus
227 1583 259 1617 ex
272 1569 373 1633 magnis
385 1569 469 1618 subito
482 1583 507 1618 se
521 1570 643 1619 conderet
655 1569 724 1620 unde

107 1657 227 1706 mundior
239 1657 322 1706 exiret
334 1657 378 1705 vix
390 1655 526 1706 libertinus
539 1657 662 1719 honeste,

106 1746 159 1794 iam
173 1746 296 1795 moechus
308 1746 423 1807 Romae,
438 1746 491 1794 iam
504 1746 593 1795 mallet
605 1747 696 1796 doctus
708 1747 822 1799 Athenis

107 1835 206 1894 vivere,
222 1833 371 1884 Vertumnis
385 1841 513 1897 quotquot
525 1843 584 1884 sunt
595 1843 671 1883 natus
684 1835 797 1899 iniquis.

54 1928 80 1968 16
108 1938 194 1972 scurra
207 1922 377 1983 Volanerius,
393 1930 531 1986 postquam
543 1922 582 1971 illi
595 1923 662 1972 iusta
676 1923 805 1990 cheragra

108 2011 225 2059 contudit
237 2011 373 2069 articulos,
391 2011 435 2073 qui
449 2025 495 2074 pro
508 2026 533 2061 se
546 2011 646 2061 tolieret
659 2020 738 2074 atque
790 1995 796 2004 ⁸

109 2098 220 2147 mitteret
233 2100 260 2147 iu
273 2099 393 2163 phimum
406 2099 488 2160 talos,
503 2101 619 2149 mercede
632 2100 727 2149 diurna

109 2185 266 2235 conductum
279 2187 362 2252 pavit:
378 2196 475 2250 quanto
488 2189 646 2237 constantior
658 2189 741 2237 isdem

109 2273 136 2321 in
149 2274 232 2334 vitiis,
249 2284 322 2324 tanto
335 2275 415 2324 levius
427 2276 503 2325 miser
514 2291 546 2325 ac
558 2276 629 2339 prior
641 2275 684 2324 ille

57 2368 82 2406 ao
110 2361 154 2423 qui
167 2361 220 2409 iam
233 2371 369 2423 contento,
384 2363 438 2412 iam
450 2363 512 2413 laxo
525 2363 586 2413 fune
599 2364 702 2413 laborat
710 2357 726 2416 .'

109 2463 160 2498 non
175 2448 244 2498 dices
256 2449 334 2500 hodie
347 2465 468 2513 quorsum
480 2452 545 2501 haec
557 2461 611 2500 tam
622 2453 715 2515 putida
728 2454 851 2515 tendant,

108 2536 233 2586 furcifer?
242 2525 251 2545 ‘
260 2538 341 2599 adte,
355 2539 463 2602 iuquam
472 2531 488 2590 .'
501 2548 651 2603 quopacto,
668 2542 799 2607 pessime?
809 2537 816 2555 ‘
825 2539 891 2592 lauda

94 2624 234 2680 fortunam
249 2637 277 2682 et
289 2643 378 2682 mores
392 2629 520 2694 autiquae
530 2625 617 2691 piatis
627 2663 634 2685 ,
646 2627 773 2683 cuidem„
