1770 2984
116 173 168 221 293
382 166 602 209 msmuw

62 339 86 376 tt
115 345 178 380 nere
190 342 264 394 putes
276 331 358 380 ulium
369 331 485 394 sapiente
496 328 622 393 bonoque
634 329 763 395 butum,

114 434 180 480 neu,
194 420 217 467 si
229 430 255 468 te
266 419 379 483 populns
388 433 481 468 nuum
492 428 613 481 reeteque
626 419 763 471 volentem

113 506 228 563 dictitet,
242 508 372 556 oecultum
384 506 483 557 febrem
493 505 541 554 sub
552 514 657 570 tempus
668 508 767 559 edendi

112 594 272 653 dissimules,
287 596 371 645 donee
382 594 504 644 munibus
514 604 611 642 tremor
622 594 728 646 incidet
741 598 839 648 unctis.

112 681 249 732 stultorum
260 684 379 733 ineunte
390 683 475 747 pudor
486 680 570 730 melus
582 681 674 731 nleors
685 683 775 735 oelst.

60 779 85 818 ts
112 771 193 833 siquis
205 772 274 820 belle
284 773 333 822 tibi
345 782 414 821 terre
425 780 541 834 pugnate
553 770 672 833 murique

111 859 181 909 dicut
194 870 219 908 et
231 860 271 908 his
283 859 367 909 uerbis
377 874 472 908 saeuus
483 858 642 921 permulceat
654 860 745 921 suris,

110 947 181 996 ‘tene
194 948 276 1012 magis
288 948 388 997 salvum
400 946 509 1011 populus
520 945 582 995 uelit
593 961 628 995 sn
639 948 776 1011 populum
787 958 833 1012 tn,

110 1046 191 1084 servet
205 1037 232 1085 in
244 1036 369 1100 ambiguo
382 1036 428 1098 qni
440 1034 553 1084 oonsulit
565 1042 591 1083 et
601 1033 650 1083 tibi
662 1045 689 1084 et
701 1037 765 1087 urbi

110 1124 229 1187 Iuppiter
236 1116 254 1184 ,'
266 1124 377 1188 Augusti
390 1123 480 1172 lendes
492 1135 631 1186 agnoscere
642 1123 742 1185 pomis:

59 1217 86 1256 so
113 1227 173 1260 cum
185 1213 280 1276 pateris
290 1213 392 1276 sepiens
404 1211 604 1273 emendatusque
616 1211 723 1272 soseri,

109 1300 281 1364 respondesne
293 1310 354 1359 tuo,
369 1301 411 1349 dio
423 1300 510 1358 sodes,
524 1297 649 1348 nomine?
665 1289 782 1366 ‘nempe

109 1388 148 1435 vir
160 1389 244 1437 bonus
257 1396 282 1437 et
294 1388 406 1451 prudens
418 1386 471 1436 diei
483 1386 596 1436 delector
606 1400 656 1448 ego
669 1401 702 1436 se
714 1396 744 1438 tu
755 1390 777 1442 .'

109 1475 153 1538 qui
167 1475 237 1524 dedit
249 1476 300 1524 hoe
312 1475 405 1536 hodie,
420 1489 492 1535 erus,
506 1475 529 1523 si
540 1473 625 1534 volet,
640 1474 761 1540 auferet,
776 1488 806 1530 ut
818 1481 840 1530 si

108 1563 227 1612 detulerit
239 1563 316 1612 fuscis
329 1564 454 1628 indigno,
469 1562 586 1613 detrahet
598 1562 683 1612 idem.

55 1658 81 1698 ³5
107 1644 115 1662 ‘
123 1667 206 1716 pone,
222 1666 308 1700 meum
321 1643 372 1702 est'
385 1652 484 1715 inquit:
505 1665 575 1715 pono
588 1651 717 1714 tristisque
730 1657 842 1706 reoedo.

108 1741 177 1790 idem
191 1742 213 1789 si
226 1740 319 1789 clamet
332 1741 432 1800 furem,
447 1749 525 1804 neget
536 1754 592 1789 esse
605 1740 749 1803 pudicum,

107 1830 246 1880 contendet
259 1829 352 1892 laqueo
365 1827 462 1877 collum
474 1828 593 1892 pressisse
606 1834 760 1890 paternum,

107 1919 226 1969 mordear
239 1917 385 1981 opprobriis
397 1916 468 1965 falsis
479 1924 629 1979 mutemque
641 1915 761 1967 colores?

108 2005 186 2056 falsus
198 2007 282 2055 honor
295 2007 367 2055 iuvet
378 2013 403 2055 et
416 2005 531 2054 mendax
542 2003 653 2053 infamia
666 2014 743 2055 terret

56 2099 82 2137 40
112 2109 188 2156 quem
201 2096 251 2145 nisi
264 2095 417 2145 mendosum
429 2101 456 2142 et
468 2093 666 2143 medicandum?
678 2093 718 2142 vir
729 2094 858 2148 bonusest

478 2181 553 2243 quis?

105 2270 164 2332 ‘qui
177 2271 294 2319 consults
307 2280 425 2334 petrum,
440 2269 486 2331 qui
497 2269 565 2333 loges
578 2269 688 2333 iureque
700 2280 801 2332 servet,

106 2372 158 2421 qno
172 2356 270 2405 multoe
283 2371 444 2421 magnusque
456 2365 574 2406 secamur
586 2357 671 2408 iudico
684 2358 756 2419 lites,

106 2460 157 2508 quo
172 2459 211 2494 res
224 2458 347 2508 sponsore
360 2453 385 2494 et
398 2458 450 2507 quo
464 2459 556 2495 esusue
568 2455 632 2495 teste
644 2456 763 2496 tenentur
772 2440 790 2497 .'

105 2534 149 2583 sed
161 2534 230 2583 sidet
242 2532 311 2580 hune
324 2532 407 2581 omnis
421 2532 512 2582 domus
526 2544 551 2583 et
563 2534 658 2583 vicinia
673 2543 728 2584 totu

51 2627 75 2666 es
105 2621 230 2672 introrsus
243 2630 360 2686 turpem,
374 2621 519 2685 speciosum
531 2621 598 2686 pelle
611 2622 720 2672 decors.
