1784 3000
100 175 150 223 180
383 171 564 214 sruruunun

97 348 150 382 non
163 344 222 382 tuus
236 335 285 382 hoc
299 335 383 397 capiet
396 344 483 386 venter
496 338 551 400 plus
564 352 593 385 ec
607 351 692 385 meus:
714 343 742 384 ut
755 336 778 383 si

98 420 234 470 reticulum
247 423 321 485 punis
333 423 431 471 venalis
444 424 510 472 inter
523 433 616 498 onusto

98 509 164 559 forte
177 510 254 558 vehas
266 525 369 570 umero,
384 512 466 560 nihilo
480 512 539 574 plus
551 513 662 576 occipias
676 527 754 574 quam

100 599 145 661 qui
158 599 194 646 nil
207 599 330 662 portarit.
357 601 396 648 vel
410 601 450 648 dic
464 601 525 662 quid
538 601 631 650 referat
643 601 712 650 intra

46 691 71 730 to
98 693 206 735 naturae
219 687 275 736 finis
289 688 397 748 viventi,
411 689 501 752 iugera
514 697 616 738 centum
630 705 664 738 au

99 775 168 824 mille
182 776 254 825 aret?
269 770 307 824 ‘ut
318 791 394 826 suave
408 784 491 825 estex
503 792 598 840 magno
611 777 703 826 tollere
716 766 828 826 acervo?

98 864 160 912 dum
173 879 206 913 cx
219 879 299 928 parvo
312 864 387 912 nobis
400 866 550 914 tantundem
562 865 666 913 haurire
677 864 822 927 relinquas,

98 968 143 1001 cur
156 961 200 1002 tua
213 953 270 1016 plus
283 952 370 1001 leudes
382 954 494 1001 cumeris
506 954 627 1017 granaria
638 952 748 1002 nostris?

98 1050 127 1090 ut
140 1041 188 1091 tibi
201 1043 221 1091 si
234 1043 266 1090 sit
279 1056 343 1105 opus
356 1041 449 1104 liquidi
461 1056 513 1090 uon
526 1042 637 1104 amplius
649 1056 714 1090 urna

46 1134 72 1173 ⁵5
99 1131 138 1180 vel
151 1131 245 1194 cyatho
260 1137 284 1178 et
297 1129 366 1178 dicas
378 1122 487 1194 ‘magno
501 1130 532 1179 de
545 1129 650 1179 flumine
663 1130 753 1178 malim

100 1233 178 1281 quum
193 1234 225 1267 ex
238 1219 288 1267 hoc
301 1218 427 1267 fonticulo
441 1219 591 1267 tantundem
605 1231 704 1266 sumere
713 1208 731 1266 .'
757 1231 788 1265 eo
801 1217 845 1278 fit,

99 1307 200 1369 plenior
212 1315 240 1355 ut
253 1306 339 1368 siquos
352 1307 459 1355 delectet
472 1307 549 1370 copia
560 1307 642 1366 iusto,

99 1408 159 1442 cum
171 1395 228 1456 ripa
241 1395 318 1443 simul
331 1395 430 1443 avolsos
442 1395 508 1443 ferat
520 1394 630 1442 Aufidus
642 1409 713 1443 acer.

100 1490 127 1531 at
140 1483 185 1544 qui
197 1482 289 1531 tantuli
303 1489 360 1545 eget
373 1491 469 1544 quanto
483 1490 520 1531 est
532 1497 610 1547 opus,
625 1483 647 1531 is
659 1496 742 1544 neque
754 1482 818 1531 limo

47 1574 73 1613 ⁸⁰
100 1571 231 1620 turbatam
244 1571 331 1620 haurit
343 1586 439 1632 uquam
451 1585 534 1632 neque
547 1572 625 1619 vitem
639 1571 734 1619 amittit
746 1570 774 1618 in
792 1570 882 1621 undis.

100 1665 127 1707 at
139 1658 209 1706 bone
221 1674 281 1723 pars
294 1659 430 1707 homiuum
443 1659 549 1721 decepta
562 1659 683 1722 cupidine
695 1658 761 1707 falso

99 1741 150 1795 ‘nil
162 1747 223 1796 satis
236 1739 283 1796 est'
296 1747 394 1809 inquit,
410 1747 480 1809 ‘qula
492 1749 556 1796 tanti
570 1756 695 1810 quantum
708 1746 807 1794 habeus
819 1746 853 1794 sis
862 1736 877 1793 .'

100 1835 163 1898 quid
177 1835 258 1884 facies
270 1835 328 1883 illi?
347 1835 436 1884 iubeas
448 1837 568 1884 miserum
581 1850 646 1894 esse,
661 1836 771 1884 libenter

101 1932 225 1986 quatenus
238 1924 264 1972 id
279 1924 356 1972 facit:
378 1931 406 1972 ut
420 1924 526 1986 quidam
539 1930 696 1973 memoratur
708 1921 820 1971 Athenis

48 2014 74 2053 ⁰5
102 2013 217 2062 sordidus
230 2027 259 2060 ac
274 2013 355 2072 dives,
371 2012 462 2084 populi
476 2021 637 2061 contemnere
650 2025 725 2060 voces

101 2100 138 2148 sic
150 2101 253 2160 solitus,
268 2093 392 2164 ‘populus
405 2116 446 2149 me
458 2100 557 2160 sibilat,
573 2107 600 2149 ct
613 2099 676 2147 mihi
689 2099 787 2162 plaudo

100 2186 155 2250 ipse
169 2187 239 2236 domi
252 2189 327 2236 simul
341 2204 371 2237 ac
383 2203 502 2237 nummos
515 2187 677 2251 contemplor
689 2189 717 2236 iu
731 2187 818 2237 arcs?

101 2274 228 2323 Teutalus
239 2291 254 2323 a
266 2276 344 2325 labris
357 2277 443 2325 sitiens
455 2276 582 2340 fugientis
595 2283 682 2340 captat

101 2363 208 2411 flumina
220 2389 255 2398 -
268 2365 329 2425 quid
341 2363 427 2412 rides?
446 2374 545 2413 mutato
559 2364 664 2412 nomine
677 2364 708 2412 de
721 2373 746 2412 te

49 2457 75 2496 ἰο
104 2451 193 2500 fabula
205 2459 338 2500 narretur:
360 2453 487 2514 congestis
500 2453 613 2514 undique
625 2452 704 2500 saccis

96 2541 226 2590 indormis
238 2539 341 2589 inhiens
354 2548 379 2589 ct
391 2547 523 2603 tamquam
536 2555 640 2603 parcere
652 2541 730 2589 sacris

85 2630 191 2689 cogeris
204 2637 255 2682 aut
265 2630 347 2697 pictis
358 2639 500 2694 tamquam
510 2629 624 2693 quuderc
633 2627 749 2675 mucius.
