1770 2984
65 1504 91 1540 1⁰

73 2385 98 2422 20

462 489 512 538 xl.

114 706 183 763 Qui-i
196 705 245 752 ribi
256 704 312 752 τίκ
323 702 420 761 Chios,
433 703 550 760 Rullum,
563 710 684 765 notoque
696 703 813 765 Lesbos,

115 794 177 856 epid
191 793 319 841 contium
330 790 438 851 Samos,
452 791 515 853 quid
526 789 618 840 01·οᾶ
629 793 707 856 regin
719 792 823 853 Sardis,

115 880 225 944 Smfma
238 880 302 942 quid
314 894 340 929 er
348 862 507 943 coleston?
518 880 621 927 maiora
630 880 776 932 mineruae
786 877 859 932 aust

116 982 242 1018 cunctane
254 983 316 1032 prae
328 982 422 1031 ampo
433 976 460 1016 et
471 968 599 1016 'liberino
610 967 724 1018 flumine
736 973 847 1029 sordent,

116 1074 150 1106 an
163 1059 232 1106 venit
244 1058 272 1105 in
283 1066 373 1105 votum
384 1056 507 1106 Attalicis
518 1070 552 1104 ex
563 1055 675 1105 urbibus
686 1072 762 1120 una,

117 1163 150 1195 an
163 1145 296 1195 Iaebedum
307 1145 399 1194 undu
410 1145 472 1194 odio
484 1145 563 1193 maris
573 1154 655 1207 atque
666 1146 792 1196 riarum?

116 1229 180 1282 ‘scis
192 1234 311 1283 Lebedus
322 1234 385 1296 quid
397 1234 445 1282 sit.
472 1231 564 1282 Gabiis
575 1233 704 1282 desertior
715 1248 801 1298 atque

117 1322 223 1370 Fidenis
234 1323 322 1371 ricus:
343 1332 431 1372 tamen
442 1322 498 1370 illio
508 1322 593 1370 visere
605 1321 714 1381 sellem,

119 1411 263 1471 oblitusque
274 1424 408 1468 meorum,
422 1410 611 1460 oblisisoendue
622 1418 649 1458 et
660 1410 731 1471 illia,

119 1497 269 1561 Neptunum
280 1499 373 1561 procul
385 1514 401 1548 e
412 1510 482 1548 terra
492 1507 608 1562 spectare
620 1493 779 1549 tumorem?

119 1587 161 1636 sed
174 1601 258 1648 neque
270 1588 315 1649 qui
328 1585 420 1650 Capua
431 1587 544 1637 Romam
556 1588 637 1650 petit,
650 1588 736 1638 imbre
749 1589 854 1653 lutoque

120 1676 268 1738 adspersus,
282 1676 351 1725 volet
362 1677 390 1724 in
405 1690 524 1739 caupone
536 1677 635 1735 vivere3
650 1691 698 1726 neo
711 1679 759 1739 qui

121 1765 201 1829 frigus
214 1764 333 1829 collegit,
348 1763 438 1813 fumos
449 1774 475 1814 et
486 1765 580 1814 balnea
591 1765 682 1814 laudat

122 1864 150 1902 ut
164 1854 323 1902 fortunatam
336 1854 410 1916 plene
422 1854 580 1915 praestantia
591 1854 688 1913 vitam3

123 1957 170 1992 neo
183 1943 203 1990 si
217 1950 241 1991 te
253 1941 354 1990 validus
367 1941 503 1990 iactaverit
514 1949 599 1991 auster
611 1943 639 1990 in
652 1942 723 2002 alto,

123 2031 220 2078 idcirco
232 2044 326 2079 navem
338 2038 408 2079 trans
420 2030 553 2092 Aegaeum
566 2045 637 2080 mare
648 2030 758 2080 vendas.

124 2118 249 2166 incolumi
260 2117 368 2166 Rhodos
380 2125 405 2166 et
417 2117 543 2181 Mytilene
555 2119 665 2183 pulchra
677 2119 742 2167 facit
755 2119 824 2181 quod

124 2205 237 2266 paenula
249 2206 374 2265 solstitio,
390 2214 532 2268 campestre
544 2206 671 2255 nivalibus
683 2208 767 2266 auris,

127 2305 172 2354 per
185 2291 304 2340 brumam
317 2293 434 2354 Tiberis,
448 2294 534 2343 sextili
546 2309 633 2344 mense
645 2294 776 2344 caminus.

128 2379 189 2427 dum
201 2379 262 2428 licet
274 2394 304 2428 ec
318 2381 416 2429 voltum
429 2392 512 2433 servat
525 2383 639 2432 Fortuna
652 2383 792 2448 benignum

128 2467 227 2518 Romae
239 2467 358 2517 laudetur
370 2467 463 2517 Samos
476 2478 501 2520 et
514 2469 594 2520 Chios
607 2479 633 2521 et
645 2472 751 2521 Rhodos
769 2473 868 2522 absens.

128 2565 155 2605 tu
169 2571 359 2620 quamcumque
371 2557 433 2606 deus
445 2559 492 2607 tibi
506 2558 675 2609 fortunaverit
687 2559 780 2609 horam

129 2654 202 2708 grata
214 2659 286 2695 sume
298 2660 376 2696 manu
387 2681 394 2706 ‚
407 2660 457 2695 neu
471 2647 557 2697 duloia
569 2647 644 2697 differ
656 2649 683 2696 ln
695 2663 808 2708 annum3
