1770 2984
352 191 447 232 LIBER
461 191 498 230 11.

55 353 96 399 ‘iu
109 354 198 414 primis
210 352 330 400 Lucanus
343 367 418 415 aper:
434 352 487 400 leni
500 352 550 402 fuit
563 360 647 402 austro

56 449 162 502 captus,
177 448 206 489 ut
219 440 305 489 aiebat
316 455 393 490 cenae
406 449 492 504 pater:
508 441 578 489 acria
591 440 688 489 circum

57 528 159 591 rapula,
173 529 303 590 lactucae,
316 528 432 591 radices,
447 529 535 593 qualia
547 528 642 578 lassum

57 617 198 680 pervellunt
210 617 388 676 stomachum,
404 618 482 678 siser,
497 617 578 678 allec,
593 617 694 666 faecula
707 617 776 667 Coa.

10 712 27 750 ‚o
55 705 96 753 his
108 705 153 752 ubi
166 704 271 752 sublatis
284 718 348 767 puer
361 705 411 755 alte
424 707 523 754 cinctus
535 719 655 754 acernam

56 806 169 856 gausape
182 806 311 855 purpureo
325 807 439 842 mensam
452 794 570 857 pertersit
583 802 607 843 et
620 793 685 842 alter

55 880 165 946 sublegit
178 880 359 942 quodcumque
371 881 467 931 iaceret
478 881 571 930 inutile
583 881 702 943 quodque

56 977 140 1032 posset
153 969 266 1017 cenantis
280 968 425 1032 offendere,
439 979 468 1020 ut
481 969 570 1019 Attica
582 971 654 1033 virgo

57 1072 115 1105 cum
128 1057 206 1105 sacris
219 1055 319 1106 Cereris
331 1058 447 1121 procedit
459 1059 545 1108 fuscus
556 1057 689 1121 Hydaspes

10 1152 28 1190 ,ι
57 1143 178 1193 Caecuba
190 1145 251 1192 vina
264 1144 362 1206 ferens,
376 1145 460 1194 Alcon
474 1145 570 1195 Chium
583 1148 661 1195 maris
673 1159 776 1207 expers.

56 1233 99 1280 hic
112 1247 168 1280 erus
181 1231 349 1292 “Albanum‚
364 1233 518 1293 Maecenas,
532 1235 585 1283 sive
598 1233 736 1283 Falernum

57 1328 81 1367 te
94 1321 175 1388 magis
188 1319 314 1382 adpositis
327 1319 453 1382 delectat,
467 1322 592 1372 habemus
604 1330 741 1383 utrumque
750 1321 775 1371 .’'

57 1407 159 1456 divitias
172 1408 294 1457 miserati
308 1409 351 1458 scd
364 1410 422 1471 quis
434 1409 585 1459 cenantibus
598 1424 664 1468 una,

57 1496 191 1556 Fundani,
206 1497 312 1559 pulchre
324 1497 402 1546 faerit
414 1496 461 1547 tibi
473 1511 548 1546 nosse
560 1497 663 1548 laboro.

10 1591 30 1629 to
60 1576 184 1632 ‘summus
197 1598 261 1648 ege,
277 1593 301 1634 et
313 1601 394 1649 prope
406 1600 448 1634 me
461 1585 554 1634 Viscus
566 1585 712 1645 Thurinus,
734 1595 758 1634 et
771 1585 856 1646 infra,

57 1672 78 1720 si
91 1672 212 1732 memini,
228 1671 336 1732 Varius3
352 1687 411 1721 cum
424 1671 532 1722 Servilio
545 1672 686 1722 Balatrone

57 1759 194 1819 Vibidius,
210 1774 275 1822 quas
287 1760 423 1808 Maecenas
436 1760 581 1808 adduxerat
593 1760 710 1819 umbras3

57 1846 234 1896 Nomentanus
248 1853 302 1896 erat
313 1861 389 1910 super
400 1848 502 1910 ipsum,
516 1846 624 1896 Porcius
635 1846 720 1906 infra,

56 1936 180 1984 ridiculus
192 1942 259 1985 totas
271 1935 348 1984 simul
361 1933 497 1984 absorbere
509 1931 665 1998 placentas,

10 2032 29 2071 tt
56 2023 235 2073 Nomentanus
248 2024 281 2072 ad
294 2023 359 2085 hoc,
375 2023 434 2085 qui,
447 2022 532 2085 siquid
545 2022 612 2071 forte
624 2021 729 2083 lateret,

57 2112 142 2160 indice
156 2118 308 2160 monstraret
320 2111 417 2175 digito:
432 2125 493 2159 nam
506 2118 590 2160 cetera
602 2110 694 2172 turba,

56 2215 119 2261 nos,
133 2201 255 2262 inquam,
270 2214 391 2249 cenamus
403 2199 472 2258 avis,
486 2198 638 2262 conchylia,
652 2198 745 2261 piscis,

55 2288 133 2351 louge
146 2288 298 2338 dissimilem
310 2294 372 2336 noto
386 2287 496 2337 celantia
507 2301 612 2347 sucum;

56 2384 84 2425 ut
96 2376 136 2425 vel
149 2376 272 2425 continuo
285 2376 384 2439 patuit,
399 2390 458 2424 cum
469 2375 576 2439 passeris
589 2383 666 2437 atque

10 2472 28 2510 to
55 2465 185 2528 ingustata
194 2464 260 2512 mihi
273 2471 422 2528 porrexerat
433 2463 481 2512 ilia
492 2463 611 2514 rhombi.

57 2559 113 2615 post
126 2552 176 2600 hoc
188 2567 229 2602 me
243 2553 332 2602 docuit
345 2552 473 2603 melimela
485 2553 575 2601 rubere
587 2552 715 2600 minorem

57 2640 88 2688 ad
102 2639 190 2688 lunam
204 2639 317 2690 delecta:
333 2640 395 2703 quid
410 2641 459 2690 hoc
471 2640 572 2690 intersit
584 2638 617 2687 ab
630 2640 686 2702 ipso
