1770 2984
297 295 392 338 meme
406 294 453 334 111.

68 469 154 525 pastor
166 461 271 510 umbras
287 475 347 509 eum
360 471 438 522 grege
451 455 577 520 languido

63 565 135 612 mque
149 549 229 599 fessus
242 549 342 611 quaerit
354 555 379 596 et
391 546 490 595 horridi

67 647 108 687 eta
122 636 218 686 Silvani
231 645 350 699 caretque

72 727 143 789 vagis
156 726 284 775 taciturne
297 724 392 773 ventis.

69 868 174 924 yitstem
187 866 244 929 quis
256 867 347 915 deceat
358 872 437 915 status

68 964 115 1004 set
129 955 184 1004 urbi
198 937 323 1005 sollicitus
336 953 410 1002 times

81 1041 151 1092 Seres
164 1049 189 1092 et
201 1050 308 1107 regnata
322 1039 390 1105 Cyro

70 1146 99 1179 ra
112 1139 203 1195 parent
216 1131 360 1192 Tanaisque
373 1129 482 1178 discors.

73 1287 117 1321 ens
130 1273 211 1321 futuri
223 1271 346 1335 temporis
359 1270 457 1319 exitum

71 1362 148 1410 inosa
161 1368 237 1410 nocte
251 1361 344 1424 premit
357 1360 431 1418 deus,

73 1465 123 1512 que
136 1450 155 1498 si
170 1450 283 1498 mortalis
296 1450 362 1497 ultra

73 1538 181 1601 repidat.
209 1538 278 1600 quod
292 1538 363 1587 adest
375 1544 505 1586 memento

77 1695 154 1729 onere
168 1695 278 1743 aequus:
300 1685 385 1729 cetera
397 1678 510 1726 fluminis

75 1769 204 1830 feruntur,
219 1784 288 1816 nunc
301 1768 387 1816 medio
401 1767 474 1815 alveo

81 1872 143 1920 pace
160 1856 300 1905 delabentis
311 1856 447 1904 Etruscum

77 1961 131 2005 are,
146 1960 214 1995 nunc
227 1945 324 2007 lapides
336 1944 426 1992 adesos

79 2102 144 2149 ,sque
157 2095 243 2150 raptas
256 2093 281 2134 et
294 2100 372 2149 pecus
385 2092 411 2131 et
424 2084 514 2132 domos

79 2177 132 2224 *ntis
146 2187 211 2234 une,
226 2189 280 2223 non
293 2174 347 2222 sine
360 2173 489 2221 montium

79 2278 122 2312 ore
135 2264 286 2324 vicinaeque
300 2262 392 2322 silvae,

83 2352 137 2400 fera
150 2352 257 2399 diluvies
270 2351 369 2413 quietos

81 2501 100 2541 st
113 2494 207 2541 amnis.
233 2492 277 2541 ille
290 2499 380 2555 poiens
393 2492 432 2540 sui

82 2597 144 2645 sque
157 2582 245 2646 deget,
261 2581 302 2629 cui
316 2581 376 2630 licet
388 2581 415 2628 in
428 2580 497 2628 diem

82 2686 104 2720 se
117 2668 205 2718 ‘vixi'z
227 2684 282 2718 cras
296 2669 335 2717 vel
349 2677 404 2717 atra

94 2759 182 2822 polum
196 2766 267 2822 pater
280 2765 408 2820 occupato
