1770 2984
436 207 542 250 LIBER.

58 375 84 412 65
114 383 172 416 curn
185 369 268 431 palla,
284 369 345 417 tabo
358 385 451 420 munus
463 371 603 431 imbutum,
619 385 712 420 nevam

113 458 233 506 incendio
246 466 354 519 nuptam
368 458 486 510 abstulit.

113 545 186 607 atqui
198 560 246 593 nec
257 545 339 594 herba
351 561 399 595 nec
411 547 492 596 latens
504 548 532 596 in
545 549 642 611 asperis

112 633 190 681 radix
203 632 295 682 fefellit
308 648 348 682 me
360 633 441 683 locis.

113 721 235 769 indormit
248 721 331 770 unctis
344 722 462 771 omnium
475 723 601 772 cubilibus

114 808 245 857 oblivione
257 810 384 872 pelicum.

113 911 129 943 a
142 911 172 956 a,
188 897 283 945 solutus
297 897 413 947 ambulat
425 898 553 948 veneficae

112 985 256 1033 scientioris
269 986 396 1036 carmine.

111 1087 166 1122 non
177 1074 291 1134 usitatis,
306 1074 389 1135 Vara,
404 1076 566 1138 potionibus,

113 1175 128 1209 0
142 1162 226 1211 multa
238 1162 357 1211 fleturum
369 1171 461 1226 caput,

113 1250 145 1296 ad
159 1264 200 1299 me
213 1265 327 1299 recurres
341 1266 388 1300 nec
400 1259 492 1301 vocata
505 1267 576 1300 mens
588 1260 633 1301 tua

112 1337 205 1386 Marsis
217 1339 310 1387 redibit
322 1339 442 1388 vocibus:

113 1425 195 1474 maius
207 1427 319 1488 parabo,
334 1429 418 1477 maius
430 1428 568 1477 infundam
581 1429 628 1477 tibi

64 1512 66 1515 ’
112 1511 254 1562 fastidienti
266 1516 402 1577 poculum,

112 1601 234 1663 priusque
247 1603 348 1652 caelum
361 1605 426 1654 sidet
438 1605 545 1656 inferius
559 1605 625 1653 mari

112 1689 204 1738 tellure
217 1700 334 1752 porrecta
347 1708 422 1755 super

113 1791 191 1838 quam
203 1793 256 1826 nou
270 1794 358 1829 amore
371 1781 407 1828 sic
421 1795 477 1830 meo
491 1781 582 1843 flagres
595 1781 633 1828 uti

111 1866 228 1915 bitumen
241 1868 302 1916 atris
315 1860 442 1930 ignibus.’

113 1954 159 2002 sub
172 1955 236 2003 haec
250 1970 313 2017 puer
325 1956 378 2003 iam
391 1969 444 2004 non
456 1963 485 2004 ut
498 1962 557 2003 ante
569 1954 691 2002 mollibus

112 2042 192 2091 lenire
205 2043 287 2091 verbis
299 2044 396 2107 inpias,

59 2140 85 2178 et
114 2132 157 2180 sed
170 2131 264 2180 dubius
277 2132 345 2181 unde
357 2138 488 2195 rumperet
500 2131 630 2180 silentium

113 2220 184 2268 misit
197 2219 337 2284 Thyesteas
350 2234 450 2282 preces.

112 2308 224 2357 ‘venena
236 2323 313 2372 maga
325 2322 377 2356 non
392 2308 430 2356 sas
442 2307 582 2370 nefasque,
599 2322 651 2356 non
663 2307 750 2356 valent

114 2404 258 2445 convertere
271 2397 413 2445 humanam
426 2395 521 2447 vicem.

115 2484 177 2533 diris
190 2499 266 2549 agam
279 2499 337 2534 vos:
359 2484 415 2532 dira
428 2485 562 2534 detestatio

59 2581 86 2618 ao
114 2572 187 2620 nulla
201 2574 320 2636 expiatur
332 2572 450 2624 victima.

115 2660 192 2721 qui'n,
206 2660 251 2708 ubi
265 2661 347 2724 perire
359 2662 442 2711 iussus
454 2662 632 2725 exspiravere,
