1784 3000
132 164 182 210 20ss
415 155 595 196 sarmarum

131 321 223 382 incipit
237 335 266 367 ae
279 321 370 368 missae
385 327 486 382 pastum
498 320 640 368 retinacula
652 320 740 368 mulae

130 416 210 456 nauta
223 409 295 472 piger
307 423 370 456 saxo
384 409 474 471 religat
487 409 620 470 stertitque
632 409 751 471 supinus.

78 505 103 543 ao
130 496 234 558 iamque
247 495 301 545 dies
314 498 416 555 aderat,
431 496 468 544 nil
482 511 541 544 cum
553 497 691 559 procedere
703 495 808 544 lintrem

130 585 268 644 scutimus3
290 585 370 633 donee
384 585 531 634 cerebrosus
544 585 644 647 prosilit
657 599 722 633 unus

131 687 161 720 ac
174 674 259 721 mulae
272 681 417 736 nautaeque
431 681 510 736 caput
522 673 674 734 lumbosque
687 672 787 736 saligno

130 760 196 809 fuste
209 761 293 812 dolat.
322 771 414 824 quarta
426 763 470 810 vix
484 762 587 810 demum
600 762 757 824 exponimur
769 760 838 809 hora

131 864 176 896 ora
189 865 331 912 manusque
344 859 388 899 tua
400 851 524 910 lavimus,
539 851 664 908 Feronia,
679 849 803 912 lympha.

78 944 102 982 at
130 938 203 985 milia
215 946 269 986 tum
283 940 368 1001 pransi
382 940 432 988 tria
444 940 557 1002 repimus
570 947 647 1000 atque
661 936 777 986 subimus

130 1027 269 1089 inpositum
283 1028 352 1074 saxis
364 1027 415 1075 late
429 1027 596 1076 candentibus
609 1026 717 1075 Anxur.

129 1117 180 1164 hue
193 1123 313 1164 venturus
326 1124 380 1164 erat
393 1116 530 1164 Maecenas
543 1116 655 1178 optimus
669 1123 746 1176 atque

130 1203 269 1264 Cocceius,
285 1205 354 1252 missi
367 1205 468 1268 magnis
481 1204 512 1253 de
525 1204 599 1252 rebus
613 1211 720 1265 uterque

130 1292 224 1355 legati,
240 1307 340 1341 aversos
353 1293 421 1341 soliti
435 1307 582 1354 conponere
595 1292 708 1342 amicos.

77 1387 102 1424 ao
130 1381 174 1429 hic
187 1381 268 1429 oculis
281 1394 329 1443 ego
342 1381 417 1443 nigra
430 1382 493 1429 meis
506 1380 613 1442 collyria
625 1381 710 1443 lippus

129 1469 252 1519 inlinere.
269 1470 367 1517 interea
380 1470 515 1516 Maecenas
528 1468 631 1517 advenit
645 1477 721 1530 atque

130 1556 254 1605 Cocceius
268 1555 413 1618 Capitoque
425 1557 500 1605 simul
514 1557 651 1616 Fonteius,
667 1558 699 1604 ad
712 1572 826 1620 unguem

129 1645 212 1694 factus
225 1647 320 1704 homo,
335 1646 434 1693 Antoni
447 1660 500 1693 non
513 1653 540 1692 ut
554 1645 635 1709 magis
649 1646 712 1693 alter
724 1645 840 1700 amicus.

130 1735 233 1783 Fundos
247 1733 352 1782 Aufidio
366 1734 451 1783 Lusco
464 1742 582 1797 praetore
595 1734 705 1782 libenter

77 1828 102 1866 35
129 1824 286 1886 linquimus,
301 1823 384 1871 insani
397 1823 507 1872 ridentes
519 1822 635 1885 praemia
647 1821 760 1881 scribae,

130 1921 289 1976 praetextam
303 1919 328 1961 et
340 1912 421 1960 latum
435 1912 535 1959 clavum
548 1925 695 1972 prunaeque
709 1910 847 1960 batillum.

129 2002 156 2049 in
169 2002 360 2049 Mamurrarum
373 2000 433 2048 lassi
447 2000 539 2047 deinde
552 2001 614 2048 urbe
628 2013 775 2058 menemus,

130 2090 237 2138 Murena
250 2089 389 2152 praebente
403 2091 524 2148 domum,
540 2087 667 2150 Capitone
680 2087 810 2136 culinam.

130 2185 232 2240 postera
246 2177 291 2225 lux
304 2178 385 2226 oritur
398 2179 478 2226 multo
491 2177 654 2241 gratissima:
675 2189 787 2236 namque

77 2269 102 2307 4⁰
130 2263 230 2313 Plotius
245 2274 269 2313 et
281 2265 375 2314 Varius
388 2264 521 2314 Sinuessae
534 2264 717 2330 Vergiliusque

131 2360 281 2409 occurrunt,
295 2352 397 2401 animae
411 2353 500 2415 quales
512 2368 595 2415 neque
608 2352 769 2401 candidiores

131 2449 197 2489 terra
209 2440 268 2488 tulit
280 2454 363 2502 neque
377 2441 434 2503 quis
446 2456 486 2490 me
500 2442 533 2489 sit
545 2441 687 2490 devinctior
699 2441 778 2489 alter.

131 2544 145 2576 o
160 2529 204 2590 qui
217 2528 357 2591 conplexus
370 2535 395 2577 et
406 2530 502 2593 gaudia
515 2539 612 2591 quanta
624 2528 743 2578 fuerunt!

112 2615 155 2662 m'l
164 2631 214 2682 ego
229 2618 390 2670 contulerim
404 2619 522 2671 iucundo
536 2634 614 2669 sanus
625 2618 724 2666 amico.
