1770 2984
366 341 461 382 unna
475 342 512 381 11.

13 511 47 549 10
63 502 205 550 stultitiane
218 512 284 551 erret
298 502 409 552 nihilum
422 503 529 553 distabit
539 520 572 553 an
585 504 636 556 ira.

62 590 135 637 Aiax
148 606 206 638 curn
219 591 351 640 inmeritos
364 592 459 641 occidit
471 593 567 656 desipit
579 608 675 656 agnos:

63 694 122 727 cum
135 679 248 742 prudens
260 681 341 729 scelus
353 680 386 728 ob
399 681 487 731 titulos
500 681 614 732 admittis
626 683 723 743 inanis,

61 775 112 816 stas
131 768 235 830 animo,
257 776 282 817 et
299 783 393 831 purum
411 776 448 818 est
466 768 530 817 vitio
548 769 596 818 tibi
608 785 667 820 curn
679 773 808 821 tumidum

436 866 472 907 est
485 857 546 906 cor?

62 944 142 1005 siquis
155 945 246 993 lectica
259 945 371 994 nitidam
384 954 482 1009 gestare
495 953 564 994 amet
577 961 685 1011 agnam,

10 1042 45 1080 15
62 1033 122 1080 huic
130 1041 239 1092 vestem,
250 1041 280 1080 ut
286 1040 393 1098 gnatae,
405 1040 479 1096 paret
486 1033 602 1094 ancillas,
616 1043 689 1098 paret
700 1050 806 1096 aarum,

60 1120 157 1169 Rufum
170 1130 215 1170 aut
228 1121 353 1170 Pusillam
366 1123 477 1184 adpellet
490 1121 602 1185 fortique
614 1123 708 1172 marito

41 1228 47 1240 ·
61 1210 170 1258 destinet
182 1224 303 1270 uxorem,
317 1210 457 1260 interdicto
470 1210 531 1259 huic
544 1224 620 1259 omne
633 1211 731 1261 adimat
742 1213 782 1261 ius

60 1307 163 1361 praetor
176 1307 200 1348 et
213 1298 245 1346 ad
259 1313 335 1348 sanos
347 1298 425 1349 abeat
436 1299 517 1349 tutela
530 1299 704 1362 propinquos.

60 1385 141 1447 quid?
160 1386 239 1448 siquis
251 1393 358 1449 gnatam
370 1401 418 1450 pro
432 1395 504 1436 muta
516 1388 622 1436 devovet
634 1402 717 1451 agna,

10 1485 44 1522 20
59 1475 159 1537 integer
172 1481 208 1522 est
220 1474 319 1523 animi?
338 1490 370 1525 ne
383 1475 493 1526 dixeris.
520 1490 580 1539 ergo
593 1475 638 1525 ubi
651 1491 729 1539 prava

59 1562 182 1623 stultitia,
198 1563 242 1611 hic
254 1578 355 1611 summa
367 1571 404 1613 est
416 1564 532 1612 insania:
554 1563 599 1626 qui
613 1564 763 1625 sceleratus,

59 1658 85 1697 et
98 1649 209 1700 furiosus
221 1651 283 1699 erit:
305 1666 382 1714 quem
396 1653 463 1716 cepit
475 1653 556 1701 vitrea
569 1652 655 1713 fama,

59 1739 128 1788 hunc
142 1739 325 1789 circumtonuit
337 1741 452 1803 gaudens
463 1741 573 1790 Bellona
585 1741 713 1793 cruentis.
728 1770 764 1780 -

58 1842 127 1875 nunc
145 1842 192 1892 age
204 1827 335 1877 luxuriam
347 1837 373 1876 et
384 1828 577 1878 Nomentanum
590 1829 674 1893 arripe
687 1845 802 1879 mecum:

15 1928 43 1966 25
59 1916 144 1964 vincet
156 1916 226 1964 enim
238 1917 330 1966 stultos
342 1917 410 1966 ratio
422 1916 535 1964 insanire
547 1924 666 1978 nepotes.

58 2004 101 2052 hio
114 2004 190 2052 simul
204 2005 304 2068 accepit
316 2004 457 2068 patrimoni
469 2002 540 2052 mille
553 2002 665 2064 talenta,

60 2092 151 2152 edicit,
166 2093 277 2156 piscator
289 2094 342 2154 uti,
358 2092 502 2157 pomarius,
518 2105 624 2153 auceps,

58 2182 244 2246 unguentarius
256 2196 287 2231 ac
301 2181 378 2231 Tusci
391 2180 466 2230 turba
478 2179 552 2243 inpia
563 2178 629 2239 vici,

58 2286 117 2319 cum
130 2270 222 2318 scurris
235 2269 332 2330 fartor,
347 2285 406 2318 cnm
419 2267 534 2318 Velabro
547 2281 623 2316 omne
636 2267 772 2316 macellum

12 2372 40 2410 eo
56 2358 369 2407 manedomumveniant.
388 2358 451 2421 quid
458 2355 530 2407 tum?
542 2370 633 2406 venere
640 2356 800 2419 frequentes.

18 2461 21 2466 ’
54 2446 132 2495 verba
144 2445 207 2496 facit
217 2446 290 2495 leno:
305 2445 440 2508 ‘quidquid
448 2445 524 2508 mihi,
537 2444 666 2508 quidquid
676 2453 702 2494 et
708 2445 802 2495 horum

55 2536 148 2597 cuique
161 2536 231 2584 domi
244 2546 294 2594 est,
309 2535 337 2583 id
350 2535 425 2585 crede
438 2542 511 2583 tuum
524 2541 549 2584 et
560 2533 600 2583 vel
612 2548 681 2584 nunc
694 2541 752 2597 pete
762 2534 801 2583 vel

426 2623 507 2674 cras-³

54 2713 143 2775 accipe
157 2712 220 2774 quid
233 2720 324 2761 contra
336 2712 435 2761 iuvenis
446 2710 606 2774 responderit
619 2724 733 2772 aequus.

52 2801 91 2849 ‘in
104 2801 163 2849 nive
175 2800 283 2850 Lucana
296 2801 391 2849 dormis
404 2806 534 2860 ocreatus,
548 2808 578 2846 ut
591 2813 683 2861 aprum

654 2899 701 2936 m*
785 2925 790 2930 -
