1784 3000
418 166 525 208 mana.

96 332 125 370 ut
138 324 202 372 haec
214 328 333 375 trementi
347 337 449 389 questus
462 344 506 379 ore
519 331 634 381 constitit

43 426 45 431 ·
96 413 240 474 insignibus
252 415 332 476 raptis
344 431 421 478 puer,

96 502 192 564 inpube
206 516 312 563 corpus,
328 505 404 565 quale
417 515 500 568 posset
512 508 585 570 inpia

96 591 197 639 mollire
211 592 343 639 Thracum
355 602 474 655 pectora,

97 678 207 728 Canidia
220 681 339 728 brevibus
352 682 479 744 inplicata
491 685 583 746 viperis

96 769 171 816 crinis
185 777 209 816 et
221 769 383 832 incomptum
397 778 474 832 caput

95 857 165 904 iubet
178 856 300 919 sepulcris
314 859 447 920 caprificos
459 867 557 920 erutas,

95 945 166 993 iubet
178 960 310 1008 cupressus
323 945 439 995 funebris

96 1042 120 1082 et
134 1042 210 1082 uncta
223 1034 305 1095 turpis
317 1049 366 1082 ova
378 1050 457 1083 ranae
470 1036 596 1097 sanguine

95 1121 261 1185 plumamque
273 1129 416 1170 nocturnae
429 1123 513 1186 strigis

94 1210 236 1272 herbasque
251 1226 314 1271 quas
325 1210 411 1259 Iolcos
425 1220 502 1274 atque
515 1212 621 1261 Hiberia

94 1299 174 1346 mittit
186 1313 343 1347 venenorum
356 1299 430 1348 ferax

95 1396 120 1436 et
133 1402 190 1435 ossa
203 1387 235 1436 ab
249 1402 294 1435 ore
307 1395 380 1450 rapta
393 1389 495 1438 ieiunae
508 1390 578 1438 canis

94 1476 203 1524 flammis
216 1477 290 1524 aduri
302 1475 444 1527 Colchicis.

43 1589 44 1594 =
94 1573 121 1613 at
134 1566 254 1627 expedita
267 1563 383 1627 Sagana,
398 1580 443 1628 per
456 1573 537 1619 totam
550 1567 657 1615 domum

92 1668 214 1716 spargens
228 1654 363 1702 Avernalis
377 1669 469 1717 aquas,

91 1742 179 1791 horret
192 1742 291 1805 capillis
304 1751 332 1791 ut
345 1743 458 1791 marinus
472 1743 568 1806 asperis

92 1831 198 1879 echinus
210 1838 254 1878 aut
266 1830 381 1881 Laurens
393 1845 468 1893 aper.

92 1920 184 1967 abacta
197 1919 268 1967 nulla
280 1918 346 1967 Veia
359 1920 518 1969 conscientia

91 2007 221 2071 ligonibus
234 2008 304 2056 duris
316 2007 425 2056 humum

91 2096 262 2145 exhauriebat
274 2096 407 2159 ingemens
419 2095 564 2156 laboribus,

91 2199 144 2246 quo
157 2192 243 2247 posset
255 2184 368 2233 infossus
381 2200 445 2248 puer

90 2274 171 2336 longo
185 2274 226 2322 die
240 2272 278 2321 bis
291 2281 379 2335 terque
392 2279 506 2323 mutatae
519 2274 592 2336 dapis

90 2363 202 2410 inemori
215 2361 375 2424 spectaculo,

43 2461 63 2500 ro
91 2466 151 2500 cum
163 2451 320 2513 promineret
333 2464 376 2498 ore
389 2457 515 2511 quantum
528 2458 630 2501 exstant
643 2465 710 2514 aqua

90 2555 212 2603 suspensa
224 2547 311 2587 mento
325 2553 434 2602 corpora
444 2556 450 2598 3

90 2636 197 2678 exsucta
210 2630 248 2678 uti
260 2628 374 2677 medulla
387 2635 413 2677 et
425 2627 529 2677 aridum
539 2627 613 2678 ieeur

660 2727 707 2768 ir*
