1770 2984
329 330 422 372 meua
436 331 459 371 1.

19 493 147 542 fastidiret
160 492 217 542 olus
230 493 274 556 qui
286 508 328 544 mc
340 502 414 543 notat
422 493 440 545 .'
464 495 546 544 utrius
557 495 653 544 horum

19 581 98 631 verba
111 582 203 645 probes
215 590 240 630 et
252 581 323 632 facta
336 583 415 644 doce,
430 584 469 633 vel
481 584 567 633 iunior
580 576 642 633 audi

20 686 67 719 cur
80 671 112 719 sit
124 669 253 733 Aristippi
265 670 352 733 potior
364 673 506 721 sententia.
536 686 647 735 namque

21 757 170 807 mordacem
183 759 304 820 cynicum
316 760 352 809 sic
365 760 500 819 eludebat,
515 761 645 819 ateium,

20 846 136 896 ‘scurror
150 860 197 911 ego
210 847 264 910 ipse
277 847 359 907 mibi,
374 848 472 911 populo
485 855 528 896 tu:
550 848 643 898 rectius
655 849 704 896 boc
718 855 743 897 et

22 934 181 999 splendidius
194 935 277 986 multo
291 943 346 988 est.
374 951 454 999 equus
466 944 495 986 ut
508 951 548 986 mc
560 943 661 999 portet,
676 936 728 985 alat
741 950 801 998 rex,

22 1023 139 1072 officium
152 1022 239 1072 facio:
260 1032 288 1074 tu
302 1025 385 1088 poscis
397 1025 458 1074 vilia
471 1039 570 1087 rerum,

22 1112 100 1162 dante
113 1113 213 1174 minor,
228 1115 345 1175 quamvis
357 1113 409 1163 fers
421 1121 446 1163 te
458 1113 555 1162 nullius
566 1121 683 1176 egentem
692 1105 708 1159 .'

22 1202 108 1250 omnis
120 1201 284 1267 Aristippum
297 1202 382 1252 decuit
395 1202 467 1250 color
479 1211 505 1252 et
517 1209 597 1252 status
610 1209 635 1250 et
647 1215 701 1261 res,

23 1297 191 1353 temptantem
204 1291 319 1350 maiora,
334 1290 387 1340 fere
400 1291 575 1355 praesentibus
587 1304 713 1352 aequum.

23 1386 131 1439 contra,
147 1393 223 1441 quem
237 1378 334 1442 duplici
346 1393 433 1442 panno
447 1377 665 1442 patientiarum,

22 1467 153 1527 mirabor,
168 1467 236 1517 vitae
248 1468 291 1516 via
303 1468 325 1517 si
337 1483 461 1517 conversa
474 1467 590 1520 decebit.

23 1556 88 1604 alter
100 1570 259 1619 purpureum
271 1569 324 1605 non
337 1556 495 1620 exspectabit
508 1557 648 1616 amictum,

23 1643 151 1706 quidlibet
163 1644 267 1694 indutus
282 1644 449 1695 celeberrima
461 1660 507 1708 per
518 1645 577 1695 loca
589 1646 664 1695 vadet

23 1747 211 1796 personamque
225 1732 290 1782 feret
302 1747 354 1783 non
368 1733 538 1783 inconcinnus
551 1742 700 1796 utramque:

24 1821 90 1870 alter
102 1820 185 1870 Mileti
198 1829 297 1871 textam
310 1835 374 1870 canc
386 1821 458 1884 peius
471 1828 497 1869 et
509 1822 587 1884 angui

23 1909 116 1959 vitabit
128 1909 307 1973 chlamydem,
322 1909 447 1958 morietur
459 1907 554 1972 frigore
567 1908 586 1956 si
599 1922 653 1956 nou

23 1997 150 2047 rettuleris
162 2012 294 2060 pannum.
322 1996 390 2046 rcfer
401 2005 427 2046 et
438 1996 493 2046 siue
505 1996 574 2046 vivat
586 1996 701 2059 ineptus.

23 2100 64 2134 res
77 2099 179 2150 gerere,
195 2093 220 2134 et
233 2093 323 2149 captos
336 2084 470 2135 ostendere
483 2083 582 2133 civibus
595 2084 690 2144 hostis,

24 2173 131 2237 attingit
143 2173 237 2221 solium
250 2173 319 2222 Iovis
331 2181 356 2223 et
369 2172 488 2222 caelestia
501 2180 625 2236 temptat.

24 2261 185 2325 principibus
197 2261 322 2323 placuisse
334 2261 395 2311 viris
407 2275 460 2311 non
473 2261 564 2310 ultima
577 2261 634 2311 laus
647 2267 696 2311 eat.

23 2364 75 2398 non
89 2349 170 2398 cuivis
181 2349 283 2398 homini
296 2350 423 2413 contingit
435 2349 507 2399 adire
520 2348 690 2401 Corinthum.

24 2437 89 2486 sedit
102 2437 144 2500 qui
159 2437 246 2486 timuit
258 2452 290 2486 ne
302 2452 356 2487 non
369 2437 528 2487 succederet:
550 2445 619 2488 esto.

24 2525 86 2587 quid
101 2525 144 2587 qui
158 2527 287 2588 pervenit,
302 2525 397 2575 fecitne
409 2525 535 2575 viriliter?
554 2528 627 2589 atqui

24 2613 68 2662 bic
92 2620 129 2662 est
148 2622 192 2662 aut
210 2627 340 2676 nusquam
358 2613 428 2676 quod
446 2615 607 2677 quaerimus.
643 2616 686 2665 hic
706 2629 770 2663 onus

397 2703 497 2764 horret,

24 2797 53 2839 ut
66 2791 151 2854 parvis
164 2790 257 2840 animis
270 2799 295 2842 et
307 2804 387 2855 parvo
401 2805 509 2854 corpore
521 2791 619 2840 maius:
