1770 2984
359 359 455 400 mam
469 359 494 399 1.

54 529 99 581 nt,
115 509 280 584 quocumque
292 521 351 571 loco
365 520 459 581 fueris,
474 521 568 570 vixisse
580 521 689 572 libenter

13 617 24 655 t
53 617 78 658 te
91 610 175 661 dicas.
202 624 264 658 nam
277 610 297 659 si
311 610 380 658 ratio
393 618 420 659 et
432 610 571 673 prudentia
584 624 673 670 curas,

53 711 107 746 non
120 697 192 747 locus
205 697 279 746 effusi
292 698 345 747 late
358 699 436 747 maris
450 698 545 747 arbiter
557 697 657 759 aufert,

53 785 169 845 eaelum,
184 800 238 834 non
251 786 379 845 animum,
402 793 503 835 mutant
518 787 564 849 qui
574 795 648 835 trans
659 802 730 836 mare
743 795 859 839 currunt.

54 880 161 923 strenua
174 888 222 922 nos
234 882 336 924 exercet
348 874 457 933 inertia,
472 874 581 922 navibus
593 882 671 936 atque

57 961 192 1024 quadrigis
204 963 315 1025 petimus
328 962 393 1011 bene
405 963 504 1014 vivere.
533 963 602 1025 quod
622 962 688 1026 petis
700 962 743 1011 hic
757 971 807 1023 est,

10 1058 27 1096 to
57 1057 95 1098 est
108 1048 229 1110 Ulubris,
244 1051 345 1098 animus
357 1050 378 1099 si
391 1057 416 1098 te
428 1064 482 1099 non
494 1049 581 1100 delicit
594 1064 706 1113 aequus.

355 1226 514 1235 ...ια-

402 1367 468 1414 ΧΠ.

57 1579 197 1628 Fructibus
210 1578 342 1644 Agrippae
355 1578 463 1639 Siculis,
480 1595 544 1643 qnos
558 1580 672 1646 colligis,
686 1581 756 1642 Icci,

58 1670 78 1718 si
92 1675 160 1717 recte
176 1667 283 1729 frueris,
299 1683 352 1718 non
365 1677 402 1718 est
414 1677 444 1718 ut
456 1669 532 1732 copia
545 1669 629 1718 maior

59 1756 92 1806 ab
106 1758 168 1806 love
182 1757 273 1805 donari
286 1758 366 1820 possit
379 1756 440 1807 tibi.
468 1755 531 1806 tolle
544 1758 682 1819 querellas:

59 1859 158 1908 pauper
171 1846 240 1894 enim
252 1859 306 1893 non
319 1852 356 1893 est
369 1844 411 1893 cui
424 1858 509 1892 rerum
521 1846 633 1907 suppetit
645 1861 717 1895 usus.

58 1935 80 1982 si
92 1933 175 1982 ventri
189 1932 270 1992 bene,
284 1933 305 1981 sl
317 1931 390 1980 lateri
404 1939 441 1980 est
453 1930 612 1994 pedibusque
625 1932 693 1993 tuis,
706 1933 744 1980 nil

59 2022 166 2070 divitiae
181 2027 302 2084 poterunt
314 2018 413 2082 regales
426 2019 519 2068 addere
532 2020 630 2070 maius.

59 2110 80 2157 si
95 2108 161 2157 forte
174 2109 202 2156 in
215 2108 301 2156 medio
315 2109 458 2171 positorum
471 2107 609 2156 abstemius
623 2106 708 2155 herbis

60 2197 124 2245 vivis
137 2205 162 2245 et
174 2197 273 2255 urtica,
288 2197 325 2244 sic
336 2196 405 2244 vives
417 2196 534 2258 protinus
546 2204 575 2245 ut
587 2203 612 2244 te

61 2284 198 2334 confestim
210 2284 323 2346 liquidus
335 2284 466 2332 Fortunae
478 2284 547 2332 rivus
558 2284 674 2343 inauret,

60 2373 100 2422 vel
114 2373 176 2435 quia
188 2381 307 2422 naturam
320 2380 421 2421 mutare
433 2372 543 2435 pecunia
556 2373 652 2431 nescit,

60 2461 100 2510 vel
112 2461 175 2523 quia
187 2470 281 2510 cuncta
293 2468 367 2523 putas
380 2475 433 2508 una
445 2461 537 2509 virtute
549 2461 662 2510 minora.

61 2551 185 2598 miramur
199 2549 220 2598 si
233 2549 377 2599 Democriti
390 2562 468 2611 pecus
481 2549 534 2597 edit
546 2548 642 2613 agellos

62 2637 191 2700 cultaque,
207 2638 269 2686 dum
281 2650 388 2702 peregre
400 2643 438 2685 est
449 2636 551 2685 animus
564 2637 619 2687 sine
632 2651 739 2701 corpore
751 2637 842 2698 velox3

63 2741 122 2775 cum
134 2734 162 2775 tu
174 2726 241 2775 inter
253 2725 366 2775 scabiem
379 2732 479 2775 tantam
491 2733 516 2774 et
528 2725 650 2788 contagia
661 2724 727 2774 lucri

11 2820 35 2860 to
63 2813 99 2862 nil
113 2829 219 2877 parrum
233 2815 318 2878 sapias
332 2822 357 2863 et
370 2814 456 2863 adhuc
468 2813 589 2864 sublimia
601 2827 690 2872 cures,

665 2910 715 2950 nu*
