1770 2984
319 199 458 241 pourton.
709 207 760 253 333

6 377 67 425 quo
81 363 157 410 scribi
171 371 274 424 possent
286 377 408 421 numero,
424 365 575 412 monstravit
588 363 731 412 Homerus.

6 451 128 499 versibus
142 451 265 513 inpariter
278 452 371 500 iunctis
384 452 546 512 querimonia
559 452 688 515 primum,

7 546 73 602 post
86 539 165 586 etiam
177 539 277 587 inclusa
290 547 326 587 est
339 540 393 588 voti
405 541 531 589 sententia
543 554 663 602 compos;

8 626 74 690 quis
87 634 175 676 tamen
188 626 296 690 exiguos
309 626 395 691 elegos
409 628 521 676 emiserit
533 637 638 688 auctor,

10 714 178 780 grammatici
192 722 306 775 certant,
318 723 343 764 et
356 716 441 764 adhuc
453 714 501 763 sub
514 715 598 764 iudice
611 716 641 764 lis
654 723 704 767 est.

11 802 205 852 Archilochum
218 804 325 867 proprio
338 803 422 852 rabies
435 804 544 852 armavit
555 804 658 852 iambo:

11 891 86 940 hunc
99 892 167 940 socci
180 906 269 955 cepere
282 893 372 955 pedem
386 891 548 956 grandesque
560 891 695 952 cothurni,

12 979 123 1028 alternis
136 988 226 1044 aptum
238 980 398 1029 sermonibus
411 987 436 1029 et
446 979 577 1043 popularis

12 1069 161 1118 vincentem
174 1068 294 1130 strepitus
306 1076 331 1118 et
344 1078 434 1117 natum
447 1069 522 1117 rebus
534 1070 654 1131 agendis.

13 1171 90 1206 musa
103 1155 171 1205 dedit
184 1156 278 1204 fidibus
291 1157 363 1205 divos
375 1170 519 1220 puerosque
531 1157 638 1205 deorum

14 1253 42 1295 et
55 1244 170 1310 pugilem
182 1245 306 1294 rictorem
320 1254 344 1294 et
357 1259 454 1307 equum
467 1245 607 1295 certamine
620 1245 732 1307 primum
774 1259 776 1264 ·

16 1341 42 1383 et
54 1334 178 1382 iuvenum
191 1349 265 1383 curas
277 1342 302 1383 et
314 1333 397 1382 libera
410 1334 470 1382 vina
482 1333 594 1382 referre.

15 1421 158 1484 descriptas
172 1436 270 1472 servare
283 1422 350 1471 vices
362 1436 522 1486 operumque
534 1420 632 1471 colores

15 1525 63 1559 cnr
76 1524 124 1574 ego
137 1510 159 1558 si
170 1525 271 1572 nequeo
285 1511 428 1575 ignoroque
440 1518 517 1574 poeta
529 1510 643 1560 salutor?

16 1613 63 1646 cnr
77 1598 173 1647 nescire
186 1598 284 1661 pudens
297 1614 373 1662 prave
387 1614 465 1661 quam
478 1600 574 1648 discere
586 1599 674 1647 malo?

15 1685 130 1735 versibus
142 1687 239 1749 exponi
252 1687 356 1751 tragicis
367 1701 406 1736 res
419 1687 519 1736 comica
531 1701 583 1735 non
596 1687 664 1735 volt:

16 1773 170 1838 indignatur
182 1775 245 1822 item
258 1775 363 1836 privatis
377 1790 407 1825 ac
419 1790 501 1839 prope
514 1788 590 1823 socco

16 1862 105 1926 dignis
117 1862 273 1911 carminibus
286 1864 385 1912 narrari
397 1878 460 1913 cena
473 1863 613 1925 Thyestae.

16 1950 120 2014 singula
132 1964 250 2013 quaeque
263 1950 349 2000 locum
362 1959 466 2001 teneant
477 1950 570 2000 sortita
582 1951 730 2003 decentem.

16 2039 148 2088 interdum
161 2047 249 2088 tamen
261 2048 286 2089 et
297 2053 387 2088 vocem
400 2038 535 2088 comoedia
548 2037 616 2087 tollit

17 2127 150 2190 iratusque
164 2126 287 2177 Chremes
299 2128 398 2177 tumido
412 2126 530 2192 delitigat
543 2140 600 2185 ore,

17 2224 45 2266 et
57 2216 169 2280 tragicus
182 2216 333 2279 plerumque
346 2215 415 2264 dolet
427 2229 545 2264 sermone
558 2215 684 2278 pedestri,

17 2303 150 2367 Telephus
163 2312 188 2352 et
200 2302 291 2353 Peleus
304 2318 363 2351 cum
376 2318 475 2368 pauper
489 2313 513 2353 et
526 2303 587 2352 exul
599 2312 705 2367 uterque

17 2392 114 2457 proicit
126 2391 254 2453 ampullas
267 2399 291 2440 et
304 2392 492 2456 sesquipedalia
505 2392 595 2451 verba,

16 2483 39 2532 si
53 2488 126 2531 curat
137 2494 183 2529 cor
195 2480 333 2543 spectantis
346 2480 460 2542 tetigisse
473 2480 602 2542 querella.

16 2583 72 2618 non
84 2569 145 2618 satis
157 2576 194 2618 est
206 2568 315 2632 pulchra
328 2583 380 2619 esse
393 2575 527 2631 poemata:
549 2567 636 2616 dulcia
648 2574 723 2616 sunto

17 2665 43 2707 et
58 2671 221 2720 quocumque
234 2656 321 2706 volent
336 2658 452 2705 animum
466 2656 592 2705 auditoris
604 2665 713 2720 agunto.
