1770 2984
375 199 469 240 LIBER
479 201 498 240 Ι.

416 522 457 571 II.

61 715 269 764 Ambubaiarum
282 716 404 779 collegia,
420 715 651 778 pharmacopolae,

62 804 188 864 mendici,
203 805 312 866 mimae,
328 804 488 861 balatrones,
504 804 555 852 hoc
567 818 647 866 genus
661 817 737 852 omne

62 899 188 940 maestum
202 908 232 941 ac
245 893 384 943 sollicitum
397 900 434 941 est
448 892 560 941 cantoris
573 899 655 940 morte
668 892 777 956 Tigelli.

63 981 157 1043 quippe
170 981 296 1045 benignus
310 990 377 1032 erat.
398 989 489 1031 contra
501 981 558 1040 hic,
574 995 606 1029 ne
619 981 743 1044 prodigus
754 995 808 1030 esse

62 1070 163 1118 dicatur
176 1077 305 1131 metuens,
320 1069 393 1132 inopi
407 1070 467 1118 dare
480 1069 546 1118 nolit
558 1069 657 1129 amico,

61 1158 143 1222 frigus
157 1172 208 1220 quo
223 1159 364 1220 duramque
376 1158 472 1206 famem
485 1157 627 1220 propellere
640 1158 733 1220 possit.

61 1248 132 1294 hunc
145 1246 166 1294 si
179 1247 352 1309 perconteris,
369 1247 409 1294 avi
423 1261 468 1294 cur
481 1255 558 1308 atque
570 1247 684 1308 parentis

62 1334 222 1398 praeclaram
234 1334 338 1397 ingrata
349 1335 457 1398 stringat
470 1334 553 1382 malus
565 1333 679 1396 ingluvie
692 1349 759 1394 rem,

63 1423 153 1471 omnia
165 1423 298 1471 conductis
311 1437 430 1472 coemens
442 1423 550 1471 obsonia
562 1424 687 1484 nummis,

63 1511 181 1559 sordidus
195 1519 271 1573 atque
285 1512 365 1561 animi
380 1511 448 1574 quod
461 1511 534 1574 parvi
545 1511 612 1559 nolit
624 1511 728 1570 haberi,

62 1600 212 1663 respondet.
240 1600 360 1648 laudatur
372 1600 405 1648 ab
419 1600 472 1660 his,
487 1600 607 1663 culpatur
620 1599 652 1647 ab
665 1598 731 1649 illis.

62 1687 179 1736 Fufidius
190 1703 289 1750 vappae
302 1688 401 1737 famam
413 1689 487 1738 timet
499 1703 530 1736 ao
541 1686 692 1748 nebulonis,

63 1776 132 1824 dives
145 1776 227 1840 agris,
243 1776 312 1824 dives
325 1777 415 1839 positis
426 1776 454 1822 in
468 1775 555 1824 fenore
568 1776 694 1823 nummis:

63 1863 155 1924 quinos
167 1864 211 1912 hic
224 1864 304 1927 capiti
316 1865 445 1913 mercedes
458 1873 573 1921 exsecat,
589 1871 666 1925 atque

63 1960 160 2013 quanto
174 1952 299 2014 perditior
312 1953 420 2015 quisque
435 1959 486 2012 est,
502 1959 574 2000 tanto
587 1952 671 2000 acrius
683 1960 788 2016 urguet,

61 2041 169 2088 nomina
182 2047 293 2090 sectatur
306 2041 384 2089 modo
398 2048 502 2103 sumpta
513 2048 580 2088 veste
592 2039 660 2088 virili

61 2128 108 2176 sub
122 2128 239 2191 patribus
253 2129 323 2177 duris
335 2130 462 2177 tironum.
486 2121 625 2176 ‘maxime'
640 2128 762 2190 quianon

61 2207 202 2279 ‘Iuppiter'
217 2217 344 2266 exclamat
357 2217 435 2266 simul
447 2223 524 2279 atque
537 2216 649 2267 audivit.
675 2217 711 2266 ‘at
722 2217 749 2266 in
761 2232 787 2266 se

62 2318 109 2368 pro
123 2314 232 2367 quaestu
246 2314 376 2369 sumptum
390 2305 453 2355 facit
465 2305 508 2354 hic
517 2296 534 2355 .'
556 2304 601 2354 vix
614 2307 716 2355 credere
729 2306 809 2371 possis

63 2408 142 2455 quam
155 2393 204 2442 sibi
218 2407 269 2442 non
285 2393 318 2442 sit
331 2394 443 2454 amiens,
457 2394 494 2443 ita
507 2400 535 2441 ut
547 2401 622 2457 pater
634 2394 809 2455 ille,Terenti

64 2481 153 2530 fabula
166 2497 243 2545 quem
255 2481 377 2531 miserum
388 2490 467 2546 gnato
481 2482 575 2532 vixisse
587 2482 677 2547 fugato

63 2570 175 2632 inducit,
191 2585 245 2618 non
257 2586 283 2620 se
297 2571 369 2634 peius
382 2571 533 2620 cruciaverit
546 2579 623 2633 atque
636 2571 693 2623 hic.

62 2659 83 2706 si
97 2659 154 2719 quis
167 2675 234 2707 nunc
248 2667 355 2721 quaerat
366 2652 428 2722 ‘quo
442 2674 480 2708 res
492 2659 557 2708 haec
567 2649 716 2722 pertinet?',
730 2659 807 2707 illuc:
