1770 2984
362 333 456 376 maun
471 336 494 375 1.

54 493 146 541 inludo
161 496 271 546 chartis.
297 495 347 545 hoc
362 503 399 546 est
410 497 584 548 mediocribus
597 499 648 548 illis

10 593 37 630 ιο
55 597 88 630 ex
100 583 169 631 vitiis
181 598 277 632 unum:
299 586 341 633 cui
354 586 375 635 si
388 587 528 636 concedere
540 587 621 648 nolis,

55 671 136 719 multa
149 680 284 734 poetarum
297 676 380 722 veniet
393 690 500 735 manus,
516 676 616 725 anxilio
630 691 696 739 quae

54 759 87 807 sit
100 759 164 807 mihi
178 761 249 823 (nam
262 762 342 810 multo
355 763 441 825 plures
454 763 553 827 snmus)
566 779 596 813 ac
608 765 688 814 veluti
701 773 726 814 te

54 848 145 897 Iudaei
159 864 279 913 cogemus
292 851 320 899 in
332 851 399 900 hane
412 853 552 901 concedere
565 853 681 904 turbam.

411 1202 445 1255 V.

56 1380 192 1442 Egressum
205 1395 301 1442 magna
314 1394 354 1428 me
368 1380 468 1442 accepit
480 1379 570 1428 Aricia
583 1380 667 1429 Roma

56 1468 170 1531 hospitio
184 1469 303 1517 modico:
325 1470 412 1518 rhet-or
425 1483 510 1517 eomes
523 1467 695 1532 Heliodorus,

58 1555 216 1604 Graecorum
228 1556 304 1622 longe
317 1557 491 1606 doctissimus:
514 1558 574 1607 inde
587 1559 684 1607 Forum
697 1561 783 1623 Appi,

57 1644 188 1692 differtum
202 1647 304 1707 nautis,
320 1649 479 1711 cauponibus
492 1655 569 1710 atque
582 1649 718 1712 malignis

31 1738 43 1776 5
58 1733 109 1781 hoo
121 1734 170 1782 iter
182 1733 268 1797 ignavi
282 1735 429 1795 divisimus,
445 1738 521 1786 altius
534 1751 563 1784 ac
576 1751 623 1785 nos

57 1822 209 1884 praecinctis
221 1837 316 1870 unum:
339 1825 423 1872 minus
435 1832 473 1872 est
485 1825 569 1886 gravis
582 1825 669 1887 Appia
681 1825 773 1873 tardis.

58 1910 101 1958 hie
114 1925 161 1974 ego
174 1920 280 1974 propter
293 1926 402 1973 aquam,
418 1912 488 1973 qaod
500 1919 555 1959 erat
567 1911 719 1972 deterrima,
735 1914 816 1962 ventri

57 1999 144 2048 indico
158 2000 268 2059 bellum,
285 2001 398 2050 cenantis
411 1999 480 2048 haud
493 1999 580 2047 animo
594 2013 676 2060 aequo

59 2097 209 2150 exspectans
223 2090 343 2139 comites.
372 2089 425 2136 iam
438 2103 492 2136 nox
504 2088 625 2136 inducere
637 2088 711 2135 terris

16 2181 43 2219 10
59 2177 163 2225 umbras
177 2186 202 2228 et
215 2179 286 2226 caelo
301 2178 443 2226 diffundere
456 2177 529 2239 signa
541 2176 663 2239 parabat.

58 2274 114 2314 tum
127 2267 200 2329 pueri
213 2267 313 2328 nautis,
328 2266 414 2330 pueris
427 2265 545 2314 convicia
558 2271 653 2313 nautae

58 2354 190 2417 ingerere.
216 2355 281 2404 ‘huc
293 2355 410 2418 adpelle.
437 2361 563 2403 trecentos
576 2354 681 2402 inseris.
709 2353 758 2400 ohe

58 2442 112 2489 iam
125 2443 185 2491 satis
198 2437 261 2492 est.’
284 2445 346 2491 dum
359 2458 401 2492 aes
414 2442 543 2505 exigitur,
558 2442 620 2490 dnm
632 2442 702 2490 mula
715 2442 827 2503 ligatur,

59 2538 114 2579 tota
128 2532 182 2579 abit
195 2533 276 2580 hora.
303 2532 365 2581 mali
378 2531 473 2580 culices
486 2545 615 2592 ranaeque
628 2531 752 2594 palustres

20 2621 44 2659 15
60 2627 177 2668 avertunt
190 2634 308 2668 somnos.
325 2619 456 2669 absentem
470 2628 499 2667 at
512 2627 598 2667 cantat
611 2619 723 2666 amicam

59 2707 141 2756 multa
154 2709 269 2770 prolutus
281 2723 363 2772 vappa
377 2715 457 2757 nauta
469 2718 545 2771 atque
558 2708 641 2756 viator

60 2798 193 2858 certatim,
208 2797 314 2846 tandem
326 2797 407 2846 fessus
420 2797 532 2845 dormire
545 2796 628 2845 viator
