1770 2984
121 203 173 253 314
388 197 610 242 EPISTULARUM

121 362 188 410 inter
201 376 267 424 quee
280 362 387 410 verbum
399 361 504 412 emicuit
516 361 538 410 si
551 361 620 412 forte
632 362 771 424 decorum,

120 449 140 498 si
154 462 240 498 versus
251 450 343 513 paullo
356 449 510 499 concinnior
522 464 588 499 nnus
600 459 627 500 et
640 450 723 512 alter,

66 546 92 586 rt
120 537 215 586 iniuste
227 544 311 586 totum
324 539 396 588 ducit
407 537 547 600 venditque
559 552 669 601 poema.

119 625 243 688 indignor
256 626 397 689 quicquam
410 626 544 690 reprendi,
560 640 613 675 non
626 628 690 688 quie
704 643 788 678 cresse

122 715 287 778 conpositum
300 715 446 779 inlepideve
457 721 575 777 putetur,
590 715 636 764 sed
649 716 714 778 quie
727 731 820 781 nuper,

119 816 167 851 nec
179 803 282 853 reniem
294 804 417 866 antiquis,
431 803 476 853 sed
488 802 615 851 honorem
627 811 653 852 et
665 803 859 870 praemiepose'u

119 899 188 940 recte
200 905 281 941 neone
293 906 398 941 crocum
410 891 535 954 floresque
546 890 710 954 perambulet
721 891 802 943 Attee

68 986 93 1025 so
121 978 212 1028 fabula
224 981 246 1029 si
258 980 389 1040 dubitem,
407 978 518 1029 clement
530 978 635 1042 periisse
648 979 777 1044 pudorem

121 1069 207 1117 cuncti
221 1083 304 1132 paene
316 1076 417 1132 patres,
432 1082 464 1117 ea
476 1081 535 1116 cum
547 1067 700 1130 reprendere
712 1083 795 1120 coner

120 1171 186 1218 quae
198 1157 283 1221 gravis
295 1155 431 1219 Aesopus,
446 1169 512 1218 quae
525 1155 615 1205 doctus
626 1155 736 1207 Roscius
749 1159 817 1222 egit3

120 1244 159 1292 rel
173 1244 234 1306 qnia
247 1243 284 1293 nil
296 1252 411 1306 rectum,
424 1244 476 1294 nisi
489 1245 559 1306 qnod
571 1243 669 1307 placuit
681 1243 748 1308 sibi,
762 1245 864 1306 ducunt,

119 1332 158 1380 rel
172 1332 234 1394 quia
246 1340 320 1396 turpe
333 1339 424 1396 putant
436 1346 526 1396 parere
538 1331 682 1382 minoribus
694 1341 721 1383 et
734 1348 802 1397 ques

66 1428 91 1467 so
119 1418 220 1468 inberbi
233 1420 346 1470 didicere
358 1434 430 1470 senes
443 1419 574 1484 perdenda
586 1418 676 1469 feteri.

118 1508 172 1556 iam
184 1506 277 1556 saliere
289 1507 390 1558 Numae
404 1523 507 1558 carmen
520 1508 566 1571 qui
579 1507 667 1558 laudat
680 1516 705 1558 et
717 1509 784 1559 illud

118 1597 187 1659 quod
199 1610 302 1646 mecum
314 1596 419 1661 ignoret
430 1598 500 1646 solus
512 1596 565 1645 volt
576 1595 642 1646 scire
654 1596 753 1660 videri,

117 1685 228 1749 ingeniis
240 1700 293 1734 non
307 1685 350 1735 ille
363 1685 431 1735 levet
443 1686 594 1748 plauditque
605 1684 728 1748 sepultis,

117 1781 206 1823 nostre
220 1775 263 1823 sed
277 1773 419 1838 inpugnat,
435 1789 482 1823 nos
494 1781 631 1836 nostreque
644 1773 738 1824 lividus
751 1776 820 1826 odit.

78 1872 103 1909 uu
119 1863 212 1926 quodsi
224 1871 278 1912 tem
292 1861 397 1912 Graecis
409 1863 509 1912 novitas
522 1863 605 1912 invisa
616 1861 708 1912 fuisset

118 1968 196 2014 quam
209 1951 297 2011 nobis,
313 1951 375 2014 quid
388 1966 456 2000 nunc
470 1961 534 2001 esset
545 1960 616 2002 vetus
628 1960 674 2001 aut
686 1951 749 2014 quid
762 1952 864 2004 haberet

117 2041 187 2101 quod
201 2040 295 2105 legeret
308 2048 451 2101 tereretque
464 2040 562 2089 viritim
575 2039 693 2104 publicus
706 2042 785 2091 usus?

116 2135 145 2175 ut
157 2129 270 2192 primum
283 2129 372 2192 positis
382 2129 477 2190 nugari
491 2113 603 2178 Graecia
614 2128 686 2178 bellis

117 2217 203 2277 coepit
216 2218 280 2265 etin
294 2218 384 2266 vitium
397 2217 503 2266 fortune
515 2218 597 2268 labier
609 2232 708 2279 aequa,

77 2311 103 2348 eu
118 2318 185 2352 nunc
198 2302 355 2353 athletarum
368 2305 472 2364 studiis,
487 2321 556 2355 nunc
569 2307 632 2356 arsit
645 2320 787 2368 equorum,

116 2392 252 2440 marmoris
265 2401 310 2440 aut
323 2393 407 2443 eboris
419 2393 507 2444 fabros
520 2402 565 2442 eut
577 2395 644 2444 aeris
655 2394 767 2454 amavit,

114 2481 246 2545 suspendit
258 2479 330 2543 picta
340 2480 439 2529 voltum
452 2492 614 2546 mentemque
626 2481 736 2543 tabella,

114 2585 184 2618 nunc
197 2567 362 2628 tibicinibus,
378 2583 446 2617 nunc
460 2579 496 2619 est
509 2573 596 2636 gavise
609 2572 753 2635 tragoedis3

115 2659 161 2706 sub
175 2658 275 2708 nutrice
287 2657 374 2721 puella
387 2657 455 2707 velut
466 2658 487 2707 si
500 2660 597 2709 luderet
609 2659 711 2720 iulans,
