1770 2984
113 188 164 234 aar
395 179 573 222 sarrasnun

114 346 263 407 ingenium,
279 344 362 406 capsis
376 357 452 405 quem
466 343 536 391 fama
550 350 586 391 est
598 357 651 392 esse
663 341 797 404 librisque

115 433 263 482 ambustum
276 432 400 495 propriis.
428 432 506 482 fuerit
518 431 650 492 Lucilius,
664 431 798 494 iuquam,

116 522 198 571 comis
212 529 237 570 et
249 521 377 580 urbanus,
392 520 471 570 luerit
484 520 598 570 limatior
610 519 680 569 idem

116 626 195 672 quam
208 610 277 658 rudis
291 616 317 658 et
329 607 435 658 Graecis
448 609 538 658 intacti
551 608 672 658 carminis
685 615 783 657 unctor

117 713 245 761 quamque
257 705 392 762 poetarum
405 698 535 746 seniorum
547 697 636 746 turbs:
652 697 696 747 sed
709 697 769 757 ille,

116 788 137 835 si
150 788 217 836 foret
230 786 280 835 hoc
292 793 407 834 nostrum
420 785 473 835 fate
488 785 583 835 dilatus
596 786 623 834 in
637 800 745 846 aerum,

118 876 242 925 detereret
254 875 303 924 sibi
316 875 415 934 multa,
431 875 554 924 recideret
567 889 642 924 omne
656 876 727 937 quod
740 875 816 924 ultra

119 965 262 1028 perfectum
274 963 435 1024 traheretur,
451 964 515 1012 etin
529 977 600 1011 versu
614 962 736 1011 faciendo

119 1068 193 1115 saepe
207 1060 285 1114 caput
297 1051 425 1112 scaberet,
440 1052 510 1100 vivos
523 1059 548 1100 et
560 1051 662 1101 roderet
674 1052 789 1115 unguis.

119 1156 194 1204 saepe
208 1139 296 1189 stilum
308 1147 404 1200 vertes,
420 1140 513 1189 iterum
526 1153 592 1201 quae
605 1139 683 1202 digna
695 1138 749 1203 legi
763 1141 819 1190 sint

120 1231 274 1292 scripturus,
290 1242 373 1291 neque
386 1236 411 1277 te
424 1234 452 1276 ut
464 1228 572 1277 miretur
584 1227 660 1275 turba
672 1225 798 1289 labores,

121 1325 253 1366 contentus
265 1317 354 1380 paucis
366 1316 520 1365 lectoribus.
549 1331 582 1364 an
595 1324 640 1365 tua
653 1316 760 1365 demens

121 1404 212 1452 vilibus
224 1405 252 1451 in
264 1404 331 1452 ludis
345 1405 437 1453 dictari
450 1405 565 1453 carmina
577 1403 671 1452 malis?

121 1507 174 1540 non
187 1507 251 1554 ego:
267 1507 328 1541 nam
341 1494 401 1542 satis
415 1499 452 1542 est
465 1493 578 1555 equitem
590 1491 656 1540 mihi
667 1491 810 1555 plaudere,
825 1501 857 1543 ut

477 1583 564 1630 audax

123 1672 275 1734 contemptis
288 1671 345 1718 aliis
359 1670 464 1733 explosa
476 1668 622 1718 Arbuscula
635 1669 718 1720 dixit.

124 1776 182 1808 men
196 1767 299 1808 moveat
313 1759 398 1808 cimex
411 1757 538 1807 Pantilius
552 1765 598 1807 aut
611 1757 707 1805 cruciet
720 1759 792 1819 quod

123 1849 224 1897 vellicet
236 1848 367 1896 absentem
379 1847 526 1898 Demetrius
538 1852 583 1894 aut
595 1845 664 1907 quod
677 1845 784 1909 ineptus

125 1937 238 1985 Fannius
252 1935 422 1999 Hermogenis
433 1934 521 1983 laedat
534 1933 642 1982 conviva
655 1932 771 1998 Tigelli?

125 2025 224 2073 Plotius
238 2032 263 2073 et
275 2024 379 2083 Varius,
395 2024 532 2072 Maecenas
545 2021 743 2086 Vergiliusque,

125 2113 234 2175 Valgius
248 2122 271 2162 et
284 2114 376 2176 probet
389 2113 453 2160 haec
466 2110 588 2160 Octavius
602 2110 716 2173 optimus
728 2118 808 2174 atque

126 2200 225 2248 Fuscus
237 2207 262 2250 et
274 2201 338 2249 haec
351 2201 451 2250 utinam
464 2199 600 2248 Viscorum
612 2198 700 2247 laudet
712 2206 834 2262 uterque.

127 2288 269 2337 ambitione
283 2288 396 2352 relegata
411 2296 435 2337 te
449 2289 533 2336 dicere
545 2301 664 2351 possum,

74 2383 99 2421 st
127 2376 220 2434 Polio,
236 2383 275 2435 te,
291 2376 425 2437 Messalla,
441 2384 485 2425 tuo
498 2391 557 2424 cum
570 2375 664 2435 fratre,
678 2375 809 2437 simulque

127 2479 173 2525 vos
180 2501 186 2524 ,
201 2464 293 2512 Bibule
307 2472 331 2512 et
345 2462 431 2524 Servi,
446 2465 522 2512 simul
535 2464 576 2512 his
589 2472 628 2524 te,
644 2462 756 2512 candide
770 2463 870 2523 Furni,

128 2553 258 2614 conpluris
272 2554 351 2613 alios,
367 2554 456 2601 doctos
469 2567 516 2616 ego
530 2566 594 2614 quos
607 2557 632 2599 et
645 2551 742 2599 amicos

117 2643 236 2705 prudens
246 2651 397 2709 praetereo:
413 2641 506 2706 quibus
518 2641 598 2701 haee,
613 2647 672 2688 sunt
685 2639 885 2704 qualiacumqu
