1784 3000
372 199 466 239 LIBER
480 201 517 239 11.

15 374 54 410 105
70 378 118 412 nec
131 364 217 412 studio
230 362 344 411 citharae
357 376 405 410 nec
417 375 504 410 musae
518 361 617 409 deditus
629 361 691 419 ulli,

69 453 91 499 si
104 451 205 514 scalpra
219 459 243 499 et
257 450 354 498 formas
367 463 421 499 non
433 458 518 510 sutor,
534 449 639 497 nautica
651 449 707 497 vele

69 554 171 588 aversus
185 538 352 599 mercaturis,
368 537 462 586 delirus
475 546 500 586 et
512 551 599 586 umens

68 629 184 689 undique
197 628 298 676 dicatur
312 627 418 675 merito.
446 627 490 688 qui
503 627 631 689 discrepat
643 627 699 676 istis

68 717 113 778 qui
125 730 245 764 nummos
258 729 401 777 eurumque
414 714 531 764 recondit
542 714 642 762 nescius
654 714 693 762 uti

15 817 53 854 110
70 804 211 867 conpositis
221 813 389 865 metuensque
401 803 470 851 velut
483 802 631 865 contingere
643 804 763 851 sucrum?

66 893 145 954 siquis
158 892 191 940 ad
204 892 335 956 ingentem
348 890 470 940 frumenti
482 905 583 953 semper
595 904 715 939 acervum

66 988 197 1044 porrectus
210 979 299 1044 vigilet
311 994 369 1028 cum
382 979 460 1043 longo
474 978 557 1039 fuste,
571 992 655 1041 neque
667 978 739 1028 illinc

65 1069 159 1118 audeat
171 1070 283 1117 esuriens
295 1068 415 1117 dominns
427 1069 578 1131 contingere
591 1082 716 1129 granum,

66 1173 97 1206 ac
109 1157 195 1220 potius
208 1156 279 1205 foliis
290 1171 384 1220 percus
395 1164 513 1206 vescetur
525 1156 635 1215 emeris,

13 1256 50 1294 115
66 1246 86 1294 si
100 1244 191 1308 positis
203 1244 272 1292 intus
284 1244 344 1294 chii
356 1246 499 1307 veterisque
511 1244 614 1293 Falerni

64 1332 135 1381 mille
148 1332 233 1390 cedis,
247 1332 314 1380 nihil
327 1340 379 1394 est,
395 1340 537 1382 tercentum
550 1331 668 1394 milibus,
682 1346 741 1383 ecre

63 1428 135 1484 potet
148 1427 265 1479 acetum3
281 1434 343 1484 ege,
357 1421 380 1470 si
392 1429 418 1470 et
429 1422 575 1471 stramentis
586 1420 692 1471 incubet
702 1421 772 1471 unde

63 1510 197 1573 octoginta
209 1523 291 1557 annos
302 1517 393 1570 natus,
408 1511 450 1559 cui
462 1510 577 1574 sunguiu
588 1510 680 1573 vestis,

61 1599 201 1647 blattarum
214 1611 244 1645 ec
258 1597 386 1647 tinearum
398 1598 506 1661 epulae,
519 1606 650 1663 putrescet
660 1598 690 1649 in
701 1612 778 1649 eres:

10 1697 48 1735 rto
62 1687 188 1735 nimirum
200 1686 305 1734 insertus
317 1684 409 1747 paneis
420 1686 554 1747 viduetur,
567 1700 599 1735 eo
611 1686 683 1749 qnod

61 1775 177 1823 maxima
189 1788 249 1837 pars
261 1773 397 1822 hominum
409 1773 501 1823 morbo
512 1774 626 1823 iactetur
637 1774 744 1829 ecdem.

60 1862 126 1911 tilius
139 1869 184 1911 eut
197 1862 276 1911 etiam
289 1861 353 1911 hsec
365 1861 473 1913 libertus
484 1867 514 1910 nt
524 1860 614 1913 ebibet
623 1862 713 1925 heres,

59 1951 98 1999 dis
108 1950 212 1999 inimice
225 1964 319 2010 senex,
333 1950 465 2000 custodis?
482 1963 517 2002 ne
528 1950 577 2001 tibi
589 1950 673 2003 desit?

59 2038 212 2102 quantulum
225 2037 294 2086 enim
306 2052 423 2089 summae
434 2038 548 2091 curtabit
558 2040 668 2105 qunque
679 2042 797 2103 disum.

10 2136 43 2175 itt
57 2140 172 2191 unguere
184 2126 205 2174 si
218 2126 298 2175 caulis
311 2126 370 2177 cleo
383 2127 489 2177 meliore
500 2135 632 2193 caputque

57 2215 171 2278 coeperis
184 2215 282 2277 inpexa
294 2214 400 2264 foedum
411 2216 562 2281 porrigine?
573 2232 671 2287 quere,

57 2305 77 2353 si
92 2303 193 2365 quidvis
205 2303 267 2352 satis
278 2311 332 2364 est,
347 2304 479 2368 periuras,
493 2304 616 2371 surripis,
630 2312 719 2367 susm

55 2389 188 2453 undique?
200 2398 246 2439 tun
258 2391 353 2442 sunus?
365 2392 492 2457 populum
505 2392 528 2442 si
540 2396 648 2453 caedere
659 2404 732 2457 ui,

55 2479 166 2542 incipies
179 2493 295 2529 servosve
306 2489 365 2531 tuos
376 2494 442 2544 qnos
453 2494 513 2531 sere
524 2486 641 2555 pererit,

10 2574 41 2615 ‚so
56 2569 177 2616 insenum
190 2575 215 2616 te
229 2581 317 2619 omnes
329 2568 405 2633 pueri
417 2569 581 2635 mutentque
591 2582 720 2639 pirgum

51 2671 108 2702 erm
122 2657 216 2717 laqueo
233 2673 347 2711 uxorem
359 2660 496 2713 interimis
506 2669 689 2729 metrorum
698 2662 817 2723 mevi*
827 2676 840 2701 π
