1784 3000
369 198 462 239 mem
476 199 511 238 11.
763 203 811 253 251

66 375 120 410 non
133 363 221 425 magni
234 362 339 424 pendis,
356 362 417 424 quia
430 361 553 424 contigit:
575 369 601 409 at
613 361 679 409 mihi
693 377 754 410 cura

65 465 119 497 non
133 450 268 499 mediocris
280 451 358 509 inest,
375 449 458 499 fontes
470 459 499 499 ut
510 449 581 498 adire
594 457 706 498 remotos

10 543 36 582 ee
68 545 145 600 atque
158 539 262 588 haurire
276 554 368 602 queam
380 539 447 587 vitae
461 545 598 602 praecepta
609 538 714 589 beatae.

421 890 454 938 V.

63 1066 121 1116 Hoc
135 1082 252 1129 quoque,
270 1067 386 1126 Tiresia,
402 1076 502 1130 praeter
514 1076 618 1116 narrata
632 1067 728 1130 petenti

63 1156 205 1220 responde,
221 1155 312 1217 quibus
326 1155 432 1203 amissas
446 1170 565 1218 reparare
579 1169 672 1217 queam
684 1169 723 1204 res

63 1245 160 1293 artibus
174 1254 251 1306 atque
265 1244 363 1293 modis.
392 1244 454 1306 quid
467 1243 552 1293 rides?
570 1243 671 1293 ‘iamne
684 1243 775 1292 doloso

63 1344 117 1380 non
130 1333 191 1382 satis
205 1341 241 1381 est
254 1332 372 1381 Ithacam
385 1331 470 1381 revehi
484 1333 633 1395 patriosque
646 1332 746 1396 penatis

22 1427 34 1466 5
63 1412 206 1484 aspicere?’
228 1436 243 1469 o
256 1420 321 1468 nulli
334 1421 475 1483 quicquam
488 1421 609 1481 mentite,
623 1420 692 1471 vides
704 1429 733 1470 ut

60 1511 145 1558 nudus
157 1509 282 1572 inopsque
294 1509 400 1558 domum
411 1510 530 1570 redeam,
544 1516 649 1568 tevate3
664 1509 810 1572 nequeillic

62 1607 107 1647 aut
120 1597 248 1660 apotheca
261 1599 345 1661 procis
357 1599 455 1647 intacta
468 1605 504 1647 est
517 1605 562 1647 aut
574 1612 667 1660 pecus.
695 1599 768 1659 atqui

62 1695 87 1734 et
100 1701 179 1750 genus
191 1694 216 1734 et
229 1687 321 1744 virtus,
338 1686 386 1734 nisi
400 1700 514 1744 comte,
529 1686 606 1734 vilior
619 1685 717 1749 algast.

60 1774 180 1836 ‘quando
193 1775 342 1838 pauperiem
355 1773 438 1822 missis
450 1773 602 1837 ambagibus
615 1773 703 1822 horres

10 1871 34 1908 ro
62 1863 152 1925 accipe
166 1876 217 1925 qua
229 1863 328 1912 ratione
341 1877 419 1924 queas
432 1862 570 1913 ditescere.
597 1862 700 1920 turdus,

62 1952 115 2000 sire
128 1950 197 1999 aliud
210 1951 312 2015 privum
325 1949 429 2000 dabitur
441 1950 503 2009 tibi,
518 1949 618 1998 devolet
630 1948 690 1997 illuc

61 2054 101 2088 res
114 2039 159 2087 ubi
172 2054 267 2103 magna
279 2039 344 2090 nitet
357 2039 463 2088 domino
475 2052 550 2087 sene:
572 2037 657 2085 dulcia
670 2051 749 2100 poma

61 2137 87 2177 et
101 2142 277 2190 quoscumque
290 2128 355 2178 feret
368 2127 453 2176 cultus
465 2126 513 2174 tibi
526 2125 620 2174 fundus
633 2124 758 2186 honores,

62 2224 123 2264 ante
136 2216 216 2265 larem
230 2224 314 2281 gustet
325 2215 496 2266 venerabilior
507 2214 561 2263 lare
573 2214 657 2264 dives:

10 2310 33 2349 rt
62 2305 106 2367 qui
121 2304 238 2366 quamvis
250 2305 367 2368 periurus
381 2304 444 2365 erit,
458 2304 513 2353 sine
524 2310 616 2367 gente,
631 2311 749 2354 cruentus

62 2393 188 2457 sanguine
202 2393 330 2453 fraterno,
346 2391 483 2456 fugitivus,
498 2405 531 2440 ne
543 2399 631 2440 tamen
642 2392 683 2440 illi

62 2489 89 2529 tu
103 2494 189 2529 comes
202 2482 331 2541 exterior,
346 2480 367 2529 si
379 2479 508 2543 postulat,
523 2479 560 2528 ire
572 2494 670 2529 recuses
680 2474 695 2530 .'

61 2578 123 2617 utne
136 2576 223 2632 tegam
235 2583 327 2632 spurco
340 2568 442 2617 Damae
454 2566 538 2616 latus?
557 2566 632 2615 hasii
640 2567 683 2614 ita
689 2567 796 2612 ‘ismae

56 2671 98 2703 me
108 2657 190 2718 gessi,
207 2665 310 2708 certans
320 2672 425 2724 semper
437 2656 618 2709 meiroriims.
638 2647 727 2707 ‘arab
