1784 3000
149 169 201 220 34ss
454 166 588 208 nuanrrr

148 332 236 382 litibus
248 330 409 393 inplicitum,
425 330 541 379 mirabor
553 332 575 381 si
588 333 651 381 sciet
663 334 733 384 inter

94 427 134 466 425
149 433 253 469 noscere
266 419 417 468 mendacem
429 434 569 482 rerumque
581 421 672 472 beatus
684 424 814 474 amicum.

149 519 178 560 tu
190 525 234 560 seu
248 509 351 558 donaris
364 523 407 558 seu
421 509 484 571 quid
497 510 592 558 donare
605 510 676 560 voles
688 513 747 574 eui,

149 598 231 648 nolito
245 598 277 646 ad
290 613 374 647 versus
387 598 433 647 tibi
448 598 530 647 factos
542 598 635 649 ducere
649 600 757 663 plenum

148 687 275 736 laetitiae:
297 686 421 735 clamabit
433 688 502 736 enim
514 687 650 751 ‘pulchre‚
666 689 748 751 bene,
763 699 845 754 recte,

150 776 273 840 pallescet
284 789 360 837 super
372 776 427 837 his,
442 776 521 825 etiam
534 776 640 826 stillabit
652 778 745 830 amicis

95 870 136 907 430
152 879 185 913 ex
198 865 280 914 oculis
289 879 388 926 rorem,
404 865 494 926 saliet,
510 866 600 915 tundet
612 867 677 928 pede
690 875 804 919 terram.

151 964 180 1005 ut
193 955 237 1019 qui
251 954 371 1003 conducti
385 954 487 1016 plorant
500 954 527 1003 in
540 954 630 1003 funere
643 957 735 1005 dicunt

152 1054 177 1093 et
189 1043 289 1093 faciunt
302 1058 382 1106 prope
396 1043 470 1105 plura
483 1043 628 1093 dolentibus
641 1059 674 1093 ex
688 1047 796 1107 animo,
812 1047 847 1096 sic

152 1134 250 1182 derisor
262 1148 322 1181 vero
336 1131 394 1194 plus
406 1133 539 1181 laudatore
552 1142 682 1183 moretur.

152 1235 223 1286 reges
235 1222 356 1271 dicuntur
368 1221 455 1270 multis
468 1236 576 1284 urguere
589 1221 692 1271 culullis

97 1316 137 1354 435
153 1319 178 1360 et
190 1319 311 1373 torquere
323 1326 393 1360 mero
407 1325 485 1373 quem
497 1310 654 1374 perspexisse
666 1311 790 1360 laborant

152 1416 185 1449 an
199 1400 232 1449 sit
244 1401 360 1449 amicitia
373 1399 481 1464 dignus:
503 1399 525 1446 si
539 1400 655 1447 carmina
668 1400 780 1461 condes,

150 1505 292 1552 numquam
306 1497 330 1537 te
343 1488 436 1537 fallant
449 1488 530 1536 animi
541 1487 588 1536 sub
601 1486 677 1549 volpe
690 1488 815 1542 latentes.

151 1578 279 1638 Quintilio
292 1578 377 1641 siquid
391 1577 522 1636 recitares,
538 1576 652 1640 ‘corrige
665 1578 740 1626 sodes

150 1670 215 1718 hoe’
228 1667 313 1717 aiebat
325 1669 364 1717 ‘et
377 1666 449 1714 boc.³
475 1665 566 1714 melius
578 1674 602 1714 te
615 1679 689 1728 posse
701 1681 812 1730 negares

96 1762 136 1800 440
151 1757 190 1806 bis
203 1765 291 1819 terque
305 1764 439 1820 expertum
452 1754 561 1815 frustra,
577 1754 661 1802 delere
674 1754 783 1803 iubebat

151 1853 175 1894 et
188 1846 254 1894 male
267 1853 382 1894 tornatos
395 1844 483 1893 incudi
496 1843 600 1892 reddere
613 1858 711 1891 versus.

150 1935 171 1982 si
185 1933 320 1983 defendere
334 1934 457 1981 delictum
471 1947 549 1994 quam
562 1941 658 1980 vertere
673 1932 780 1992 malles,

149 2022 248 2070 nullum
262 2022 329 2071 ultra
341 2021 447 2070 verbum
461 2029 505 2071 aut
519 2035 624 2082 operam
632 2020 777 2070 insumebat
784 2021 847 2070 inan

150 2113 214 2173 quin
226 2112 280 2159 sine
293 2111 368 2158 rivali
383 2119 458 2172 teque
473 2119 497 2158 et
509 2117 554 2158 tua
568 2109 637 2158 solus
651 2125 766 2158 amares.

95 2204 134 2241 44⁵
149 2198 281 2247 virbonus
296 2208 320 2247 et
332 2200 444 2261 prudens
457 2214 542 2247 versus
555 2199 689 2261 reprendet
702 2199 804 2256 inertis,

150 2287 265 2348 culpabit
279 2288 373 2348 duros,
390 2288 527 2350 incomptis
541 2287 637 2336 adlinet·
650 2295 735 2334 atrum

148 2384 289 2424 transverso
304 2376 405 2425 calamo
420 2377 538 2439 signum,
554 2376 690 2425 ambitiosa
702 2377 799 2426 recidet

149 2472 316 2524 ornamenta,
332 2479 423 2527 parurn
437 2466 511 2514 claris
524 2465 608 2513 lucem
621 2466 681 2514 dare
695 2475 784 2528 coget,

136 2563 232 2623 arguet
246 2555 372 2624 ambigue
385 2555 486 2605 dietum
496 2591 503 2616 ,
514 2554 641 2602 mutanda
651 2554 766 2612 notabit,

64 2650 110 2691 450
123 2647 175 2701 [iet
188 2651 388 2704 Aristarchus:
413 2663 473 2699 non
485 2638 572 2695 dicet*
585 2656 632 2691 cur
645 2654 695 2702 ego
707 2640 822 2685 am'mum
