1770 2984
108 196 158 243 212
392 187 570 230 sammua

54 361 80 399 to
108 363 136 402 ut
149 368 190 401 me
202 351 362 410 collaudem,
377 351 399 400 si
411 359 436 401 et
448 352 506 401 vivo
520 366 593 402 carus
606 352 717 413 amicis,

109 457 186 490 causa
198 441 249 489 fuit
260 447 335 503 pater
346 439 400 499 his,
418 440 463 501 qui
476 454 564 489 macro
577 455 678 503 pauper
691 442 784 506 agello

108 530 193 579 noluit
206 529 233 576 in
246 528 319 576 Flavi
331 527 422 576 ludum
434 542 476 576 me
489 528 605 588 mittere,
620 530 712 594 magni

109 632 160 680 quo
174 617 248 680 pueri
260 617 360 680 magnis
373 631 387 665 e
399 616 592 665 centurionibus
605 616 657 666 orti

109 707 183 754 laevo
197 704 309 768 suspensi
322 704 421 754 loculos
434 705 599 766 tabulamque
612 705 711 755 lacerto
741 752 744 757 .

56 800 82 839 st
109 794 183 842 ibant
196 793 297 842 octonis
311 792 446 842 referentes
457 792 542 842 idibus
554 807 630 853 aera,

109 883 152 932 sed
166 896 274 946 puerum
287 888 323 930 est
335 895 412 930 ausus
424 880 536 929 Romam
549 889 653 945 portare
666 881 825 933 docendum

110 972 172 1021 artis
185 984 248 1034 quas
261 970 353 1018 doceat
365 969 449 1031 quivis
460 984 537 1033 eques
549 977 626 1031 atque
639 978 747 1020 senator

109 1067 188 1109 semet
200 1064 354 1122 prognatos.
382 1065 478 1106 vestem
490 1072 624 1120 servosque
636 1061 789 1121 sequentis,

110 1149 137 1197 in
151 1161 246 1212 magno
260 1154 289 1195 ut
301 1145 414 1210 populo,
428 1146 496 1208 siqui
509 1145 625 1205 vidisset,
641 1147 712 1196 avita

58 1243 84 1282 so
112 1252 145 1284 ex
157 1252 184 1284 re
196 1236 313 1299 praeberi
326 1242 442 1298 sumptus
455 1234 521 1282 mihi
533 1234 648 1284 crederet
659 1234 736 1286 illos,

110 1326 164 1387 ipse
177 1325 241 1371 mihi
255 1330 338 1371 eustos
350 1322 586 1385 incorruptissimus
598 1323 682 1371 omnis

112 1412 209 1460 circum
223 1411 340 1459 doctores
353 1410 454 1460 aderat.
482 1410 545 1473 quid
556 1410 657 1459 multa?
671 1411 823 1475 pudicum,

113 1500 156 1560 qui
171 1499 267 1561 primus
279 1499 379 1548 virtutis
392 1498 492 1560 honos,
507 1499 616 1548 servavit
628 1499 660 1547 ab
675 1501 750 1550 omni

111 1603 164 1635 nou
177 1587 261 1635 solum
274 1585 358 1646 facto,
373 1602 462 1636 verum
475 1585 614 1650 opprobrio
627 1600 734 1649 quoque
746 1592 840 1653 turpi:

60 1682 85 1720 st
113 1690 160 1724 nec
173 1675 274 1733 timuit,
290 1675 338 1723 sibi
350 1690 382 1724 ne
396 1675 461 1724 vitio
476 1676 532 1738 quis
544 1681 667 1735 verteret,
682 1675 748 1724 olim

112 1765 133 1812 si
146 1778 238 1826 praeeo
252 1779 343 1829 parvas
356 1771 415 1823 aut,
431 1772 459 1812 ut
471 1763 523 1812 fuit-
534 1764 604 1826 ipse,
619 1769 726 1811 coactor

113 1853 241 1902 mercedes
254 1867 387 1915 sequerer:
402 1866 485 1914 neque
498 1866 545 1916 ego
559 1865 637 1900 essem
651 1859 772 1912 questus3
791 1862 822 1905 at
835 1856 884 1905 hoc

486 1954 555 1989 nuuc

114 2031 170 2078 laus
184 2031 222 2078 illi
238 2030 343 2078 debetur
356 2037 380 2077 et
393 2044 409 2077 a
421 2042 462 2076 me
475 2029 560 2090 gratia
572 2029 671 2076 maior.

116 2119 152 2165 nil
165 2133 206 2166 me
219 2118 352 2180 paeniteat
366 2131 457 2165 sanum
469 2116 550 2179 patris
563 2116 653 2175 huius3
670 2129 753 2178 eoque

62 2214 88 2252 so
116 2219 184 2263 non,
201 2214 229 2254 ut
242 2220 338 2267 magna
351 2205 411 2253 dolo
426 2205 524 2254 factum
536 2211 614 2267 negat
626 2217 680 2254 esse
693 2218 741 2254 suo
756 2221 822 2269 pars

117 2292 186 2354 quod
199 2307 251 2340 non
265 2293 391 2355 ingenuos
403 2292 499 2341 habeat
512 2293 644 2355 clarosque
656 2301 792 2356 parentes,

117 2381 153 2427 sic
168 2394 208 2427 me
222 2378 372 2427 defendam.
399 2381 476 2443 longe
489 2396 547 2430 mea
559 2381 688 2445 discrepat
700 2381 756 2431 istis

117 2475 141 2516 et
155 2482 206 2514 vox
220 2475 244 2515 et
259 2467 341 2515 ratio.
368 2482 429 2516 nam
441 2470 462 2518 si
474 2477 566 2519 natura
579 2469 677 2518 iuberet

118 2571 134 2603 o
147 2557 225 2605 certis
238 2555 313 2603 annis
327 2571 419 2604 aevum
432 2572 544 2607 remeare
557 2565 705 2622 peractum,

63 2653 90 2690 ot
117 2653 196 2707 atque
208 2644 274 2693 aiios
286 2645 385 2709 legere,
402 2645 434 2694 ad
449 2644 543 2694 fastum
557 2660 733 2708 quoscumque
746 2658 874 2710 parentes
