1784 3000
388 172 493 213 LIBER.

10 344 34 380 eo
62 336 145 384 iussus
159 335 228 383 abire
242 335 348 382 domum
361 333 461 383 ferebar
473 334 571 383 incerto
586 336 650 397 pede

63 424 97 472 ad
109 438 162 472 non
176 423 272 471 amicos
285 422 335 471 heu
348 422 412 470 mihi
426 423 505 485 postis
517 430 542 472 et
554 423 605 472 heu

62 512 155 560 limina
169 512 244 571 dura,
260 511 352 573 quibus
364 511 465 560 lumbos
480 520 504 560 et
516 512 612 575 infregi
624 512 704 560 latus.

62 615 131 648 nunc
144 600 279 662 gloriantis
292 599 432 662 quamlibet
444 600 622 650 mulierculam

61 688 163 737 vincere
177 687 287 736 mollitie
300 702 373 736 amor
385 687 487 750 Lycisci
500 703 541 737 me
554 696 637 748 tenet;

10 784 33 822 tt
61 777 131 825 unde
144 776 267 840 expedire
279 791 331 825 non
344 776 487 824 amicorum
501 785 596 839 queant

60 865 143 914 libera
156 865 264 914 consilia
276 879 323 913 nec
337 865 506 914 contumeliae
520 879 621 930 graves,

61 954 107 1004 sed
120 954 186 1002 alius
199 954 276 1002 ardor
288 960 333 1003 aut
344 953 448 1016 puellae
461 953 585 1002 candidae

61 1049 107 1091 aut
120 1043 206 1091 teretis
219 1043 292 1105 pueri
305 1043 410 1106 longam
422 1041 570 1090 renodantis
583 1055 700 1090 comam.

401 1466 468 1516 ΧΠ.

63 1659 134 1720 Quid
146 1659 195 1708 tibi
208 1659 258 1718 vis,
273 1659 366 1708 mulier
377 1659 460 1723 nigris
474 1660 623 1723 dignissima
637 1661 738 1710 barris?

62 1762 170 1797 munera
183 1747 246 1809 quid
258 1747 323 1795 mihi
336 1749 429 1809 quidve
442 1747 549 1797 tabellas

62 1836 145 1884 mittis
158 1850 206 1884 nec
218 1835 292 1883 firmo
306 1836 391 1884 iuveni
404 1850 487 1898 neque
499 1837 568 1885 naris
582 1837 691 1886 obesae?

61 1938 176 1986 namque
188 1924 306 1986 sagacius
319 1938 386 1972 unus
398 1925 506 1985 odoror,

21 2019 34 2058 t
62 2012 174 2076 polypus
187 2027 220 2060 an
234 2012 317 2077 gravis
330 2013 435 2066 hirsutis
448 2013 523 2062 cubet
536 2012 621 2062 hircus
634 2013 662 2061 in
674 2012 736 2073 alis,

63 2115 142 2163 quam
155 2101 227 2149 canis
240 2115 298 2150 acer
310 2101 356 2150 ubi
367 2101 447 2152 lateat
459 2115 513 2150 sus.

63 2189 109 2251 qui
122 2189 200 2238 sudor
212 2189 285 2238 vietis
299 2196 323 2239 et
336 2205 414 2253 quam
426 2189 509 2239 mulus
521 2190 635 2252 undique
648 2190 769 2239 membris

63 2276 153 2326 crescit
166 2277 244 2337 odor,
260 2292 318 2326 cum
331 2293 395 2341 pene
408 2278 492 2328 soluto

62 2365 217 2413 indomitam
230 2374 352 2429 properat
365 2366 463 2416 rabiem
476 2367 563 2416 sedare
575 2381 658 2430 neque
670 2367 709 2415 illi

12 2461 35 2499 10
63 2454 117 2501 iam
130 2461 217 2502 manet
229 2453 319 2502 umida
331 2462 400 2503 creta
412 2455 533 2517 colorque

63 2548 175 2590 stercore
188 2541 289 2591 fucatus
303 2543 427 2592 crocodili
439 2544 544 2607 iamque
556 2544 671 2594 subando

63 2637 134 2680 tenta
147 2630 242 2680 cubilia
256 2638 375 2698 tectaque
387 2633 506 2701 rumpit3
