1770 2984
336 413 368 491 Q.
382 413 518 480 neuun
537 414 660 481 sured

121 543 207 631 DE
263 541 461 634 llll
515 541 853 635 Poulltl

447 730 549 772 tumltu

120 908 242 959 Humane
255 909 336 972 capiti
348 910 472 960 cervicem
484 909 568 974 pictor
580 910 706 973 equinam

121 999 226 1064 iungere
239 998 259 1048 si
272 997 334 1048 velit
343 998 466 1059 etruries
477 998 600 1047 iuducere
612 997 717 1062 plumes

122 1086 237 1149 undique
249 1086 350 1136 collutis
363 1086 498 1148 membris,
512 1093 542 1136 ut
553 1086 661 1149 turpiter
674 1095 762 1138 utrum

123 1174 221 1225 desinat
232 1176 260 1224 in
272 1176 370 1239 piscem
383 1173 476 1224 mulier
488 1174 603 1223 formose
615 1189 743 1239 superne,

81 1270 94 1308 c
121 1271 264 1327 spectatum
276 1263 380 1313 admissi
392 1263 472 1312 slsum
485 1262 593 1313 teueutis
604 1264 702 1313 amici?

120 1350 229 1411 credite,
243 1351 365 1412 Pisones,
380 1352 423 1402 isti
436 1351 539 1401 tubulus
552 1352 608 1401 lere
621 1350 720 1401 librum

120 1438 276 1503 persimilem
289 1439 362 1489 cuius
374 1439 444 1490 velut
456 1439 528 1503 aegri
540 1439 641 1488 somnia
653 1454 737 1490 venae

120 1528 247 1593 fingentur
260 1529 372 1592 specics,
386 1536 415 1579 ut
427 1542 475 1578 nec
487 1542 532 1592 pes
543 1542 592 1578 nec
604 1535 683 1592 ceput
695 1530 743 1578 uui

119 1617 242 1667 reddatur
254 1616 368 1668 formae.
394 1616 537 1680 pictoribus
550 1624 627 1679 atque
640 1617 724 1680 poetis

67 1713 92 1751 ιο
121 1705 247 1769 quidlibet
258 1705 369 1754 audendi
383 1719 483 1767 semper
495 1704 546 1754 fuit
558 1719 641 1767 seque
653 1712 782 1767 potestus.

119 1794 227 1856 scimus,
248 1802 274 1844 et
291 1793 359 1842 benc
377 1794 479 1842 venium
498 1792 661 1856 petimusque
673 1793 817 1857 damusque
829 1795 861 1843 ι’ἱ-

491 1881 590 1940 cissim;

119 1972 163 2021 sed
175 1986 229 2021 nou
241 1979 270 2020 ut
281 1969 390 2035 placidis
402 1977 494 2019 coeant
506 1969 625 2029 inmitia,
640 1982 695 2017 nou
706 1977 736 2018 ut

119 2067 249 2122 serpentes
262 2058 351 2108 avibus
363 2058 537 2123 geminentur,
554 2058 662 2123 tigribus
673 2059 750 2122 egui.

118 2147 226 2209 inceptis
239 2148 359 2212 gravibus
371 2147 523 2211 plerumque
536 2153 561 2196 et
573 2137 668 2210 megne
680 2146 801 2210 professis

67 2240 91 2278 ιι
119 2248 277 2299 purpureus,
292 2235 344 2284 late
357 2236 402 2298 qui
414 2235 561 2298 splendeat,
577 2249 642 2283 uuus
657 2242 681 2284 et
694 2233 758 2284 ulter

119 2323 235 2373 udsuitur
248 2337 362 2386 pannus,
377 2338 436 2371 cum
448 2322 521 2372 lucus
534 2331 560 2371 et
572 2337 617 2371 era
630 2322 731 2372 Dianae

118 2420 143 2463 et
156 2410 317 2476 properentis
330 2424 412 2472 aquae
425 2425 471 2474 per
483 2424 606 2460 amoenos
619 2410 730 2461 ambitus
742 2427 818 2477 agros

119 2509 164 2549 eut
175 2500 270 2549 flumen
283 2498 404 2547 Rhenum
417 2507 463 2547 eut
475 2500 576 2561 pluvius
590 2499 740 2549 describitur
754 2515 843 2553 arcus.

112 2589 160 2641 sed
171 2603 243 2640 nunc
255 2602 310 2641 non
323 2596 379 2639 erat
391 2586 432 2636 his
443 2586 531 2636 locus.
562 2596 589 2637 et
598 2586 704 2636 (ordume
716 2602 864 2650 cupressum
