1770 2984
364 343 458 384 monn
467 344 491 383 11
499 373 504 383 .

411 664 466 714 111.

60 874 102 924 ‘Si
116 889 174 922 raro
188 875 296 934 scribes,
312 883 340 924 ut
352 882 408 923 toto
421 889 474 924 non
487 882 576 936 quater
588 891 655 924 anno

61 962 239 1011 membranam
251 977 359 1025 poscas,
375 964 530 1026 scriptorum
544 977 661 1025 quaeque
674 972 807 1024 retexens,

59 1051 141 1099 iratus
154 1050 201 1099 tibi
216 1052 286 1113 quod
299 1051 352 1099 vini
365 1051 499 1113 somnique
514 1051 639 1114 benignus

60 1139 98 1186 nil
111 1140 217 1204 dignum
229 1154 345 1188 sermone
358 1154 453 1198 canas,
468 1140 530 1202 quid
543 1139 605 1189 fiet?
618 1148 644 1189 at
656 1140 717 1203 ipsis

60 1226 238 1278 Saturnalibus
250 1229 302 1278 huc
315 1228 402 1292 fugisti
414 1228 524 1279 sobrius.
553 1243 613 1292 crgo

60 1316 101 1364 dic
115 1317 213 1379 aliquid
226 1317 334 1379 dignum
347 1317 492 1378 promissis.
520 1316 621 1379 incipe.
649 1316 686 1364 nil
699 1323 748 1364 est.

59 1405 197 1467 culpantur
209 1404 305 1453 frustra
318 1405 412 1453 calami
425 1405 609 1466 inmeritusque
621 1403 723 1452 laborat

59 1493 131 1541 iratis
144 1501 219 1541 natus
230 1493 314 1555 paries
327 1493 366 1541 dis
380 1501 457 1555 atque
470 1493 567 1556 poetis.

59 1582 131 1642 atqui
145 1581 229 1629 voltus
242 1589 296 1631 erat
308 1582 390 1630 multa
403 1589 428 1630 et
440 1581 573 1644 praeclara
585 1581 708 1630 minantis

60 1670 82 1718 si
95 1684 205 1719 vacuum
218 1670 305 1732 tepido
318 1670 425 1732 cepisset
437 1669 528 1718 villula
540 1677 622 1719 tecto.

59 1772 183 1819 quorsum
197 1758 323 1820 pertinuit
335 1759 430 1821 stipare
442 1757 554 1806 Platona
566 1757 730 1807 Menandro?

58 1845 189 1908 Eupolin,
204 1844 407 1907 Archilochum,
422 1846 529 1895 comites
542 1846 648 1894 educere
662 1846 765 1894 tantos?

58 1934 183 1982 invidiam
196 1934 300 1997 placare
313 1947 389 1996 paras
400 1932 493 1981 virtute
506 1933 612 1981 relicta?

58 2030 238 2083 contemnere,
253 2022 345 2071 miser.
371 2020 475 2069 vitanda
488 2028 525 2069 est
537 2020 649 2084 inproba
662 2020 736 2070 Siren

10 2121 30 2159 l5
58 2110 171 2169 desidia,
186 2119 232 2160 aut
245 2109 371 2173 quidquid
383 2109 435 2157 vita
448 2107 552 2157 meliore
566 2108 661 2170 parasti

58 2199 207 2263 ponendum
220 2213 303 2261 aequo
317 2198 406 2246 animo
416 2189 432 2248 .'
457 2196 483 2244 di
497 2202 537 2256 te,
552 2194 726 2259 Damasippo,
749 2197 860 2260 deaeque

57 2302 147 2337 verum
160 2287 194 2336 ob
208 2287 344 2335 eonsilium
358 2287 454 2335 donent
466 2292 582 2334 tonsore.
608 2284 651 2332 sed
664 2285 731 2334 unde

57 2385 111 2425 tam
124 2378 190 2426 bene
203 2391 243 2425 me
255 2376 342 2424 nosti?
360 2369 506 2438 ‘postquam
520 2374 603 2421 omnis
615 2388 654 2422 res
668 2388 726 2422 mea
737 2373 830 2422 Ianum

58 2467 91 2514 ad
104 2466 219 2514 medium
233 2464 316 2513 fracta
329 2472 380 2523 est,
393 2463 479 2512 aliena
491 2462 596 2526 negotia
608 2476 686 2523 curo,

10 2567 29 2604 to
57 2569 178 2604 excussus
190 2554 316 2618 propriis.
344 2552 407 2601 olim
420 2566 481 2600 nam
493 2565 616 2613 quaerere
629 2551 748 2599 amabam

58 2659 109 2706 quo
122 2643 194 2692 vafer
207 2643 250 2691 ille
263 2642 340 2705 pedes
353 2642 453 2690 lavisset
466 2638 592 2704 Sisyphus
605 2653 679 2699 aere,

57 2733 119 2795 quid
133 2732 261 2794 sculptum
273 2730 388 2789 infabre,
404 2728 466 2791 quid
478 2728 565 2777 fusum
577 2727 664 2776 durius
678 2736 754 2786 esset,

57 2822 165 2871 callidus
177 2821 239 2869 huic
252 2820 325 2882 signo
339 2817 468 2882 ponebam
481 2816 553 2865 milia
566 2825 685 2874 eentum;
702 2848 705 2853 «
