1770 2984
263 186 389 228 cannara
403 164 595 227 sanonnann.

58 350 132 411 diva,
147 349 276 413 producas
288 349 417 409 subolem,
433 357 587 412 patrumque

57 451 190 502 prosperos
204 437 306 486 decreta
319 452 395 501 super
406 437 528 498 iugandis

58 525 162 575 feminis
173 523 304 589 prolisque
316 539 397 574 novae
410 525 491 574 feraci

9 626 30 664 to
58 615 115 679 lege
127 614 234 674 marita,

59 761 143 805 certus
154 755 271 803 undenos
282 754 385 804 deciens
396 769 442 818 per
455 767 536 802 annos

60 842 130 892 orbis
141 850 170 892 ut
182 849 272 891 cantus
285 841 432 904 referatque
444 842 517 891 ludos

60 939 100 980 ter
111 930 153 980 die
166 929 236 979 claro
249 930 395 992 totiensque
407 939 482 991 grata

60 1025 136 1068 nocte
148 1017 303 1081 frequentis.

10 1171 34 1210 tt
61 1173 157 1223 vosque
169 1174 270 1209 veraces
283 1159 418 1221 cecinisse,
433 1174 539 1223 parcae,

63 1247 132 1311 quod
145 1248 222 1297 semel
235 1248 334 1297 dictum
347 1255 383 1297 est
396 1247 544 1309 stabilisque
557 1259 642 1295 rerum

62 1336 188 1386 terminus
200 1343 293 1397 servet,
309 1337 378 1386 bona
390 1336 443 1386 iarn
456 1335 565 1400 peractis

63 1425 162 1489 iungite
175 1423 260 1476 fata.'

64 1564 156 1615 fertilis
168 1565 273 1629 frugum
285 1566 436 1630 pecorisque
450 1566 525 1618 tellus

10 1668 36 1708 ao
64 1654 152 1718 spicea
164 1655 242 1703 donet
255 1653 374 1704 Cererem
387 1670 497 1716 corona,

65 1743 182 1792 nutriant
194 1742 262 1792 fetus
275 1750 299 1792 et
312 1757 395 1806 aquae
407 1742 521 1792 salubres

67 1838 92 1880 et
103 1829 172 1880 Iovis
184 1845 274 1882 aurae.

68 1972 173 2022 condito
187 1972 258 2021 mitis
268 1971 435 2036 placidusque
448 1970 499 2019 telo

68 2061 199 2125 supplices
212 2060 274 2109 audi
286 2073 394 2124 pueros,
409 2057 520 2122 Apollo;

11 2163 40 2204 es
70 2148 184 2198 siderum
196 2149 285 2213 regina
297 2147 412 2198 bicornis
424 2147 484 2196 audi

68 2237 146 2287 Luna
158 2235 265 2299 puellas.

70 2379 156 2428 Roma
168 2379 188 2428 si
202 2386 312 2429 vestrum
325 2386 362 2428 est
374 2392 438 2441 opus
450 2377 566 2440 Iliaeque

70 2468 132 2517 litus
144 2468 280 2517 Etruscum
293 2476 398 2517 tenuere
411 2475 524 2524 turmae,

71 2558 139 2607 iussa
152 2571 211 2620 pars
223 2563 322 2605 mutare
334 2555 395 2604 laris
407 2561 433 2604 et
444 2555 534 2604 urbem

12 2659 43 2700 4⁰
73 2647 170 2710 sospite
184 2660 271 2705 cursu,
