1770 2984
102 114 154 161 250
386 106 568 150 sarisam

102 288 155 321 non
168 271 220 319 alia
234 286 313 333 quam
326 286 377 333 qua
389 271 516 336 Byzantia
528 275 621 335 putuit
635 289 718 325 orca.

102 363 151 410 hoc
165 361 208 407 ubi
222 358 360 408 confusum
372 360 447 410 sectis
459 360 585 410 inferbuit
598 362 694 415 herbis

102 449 264 513 Corycioque
277 464 353 498 croco
365 464 480 513 sparsum
492 450 579 509 stetit,
594 451 711 517 insuper
724 457 802 505 addes
871 460 875 493 ·'

102 553 188 601 pressa
202 538 367 587 Venafranae
380 538 449 601 quod
462 537 528 587 baca
540 539 644 589 remisit
658 542 765 594 olivae.

62 637 73 673 0
102 628 203 676 Picenis
217 629 311 676 cedunt
324 626 408 691 pomis
420 625 540 674 Tiburtia
552 641 634 676 suco:

101 733 162 768 nam
176 717 242 765 facie
254 723 398 779 praestant.
425 715 551 764 venucula
563 719 691 768 convenit
705 721 782 772 ollis:

102 806 195 854 rectius
208 804 338 853 Albanam
350 803 423 852 fumo
436 803 569 852 duraveris
580 819 678 859 uvam.

101 893 168 942 hanc
182 908 230 956 ego
244 908 302 941 cum
315 893 406 952 malis,
422 906 470 957 ego
483 891 583 941 faecem
595 895 701 956 primus
712 906 741 948 et
753 899 831 960 allec,
884 923 885 932 ¹

101 984 199 1045 primus
213 991 237 1031 et
249 981 366 1030 invenior
378 981 451 1045 piper
463 979 552 1030 album
564 995 626 1030 cum
638 982 693 1034 sale
707 987 790 1051 nigro

47 1078 75 1116 11
101 1074 228 1122 incretum
239 1071 309 1133 puris
322 1069 533 1133 circumposuisse
545 1069 654 1120 catillis.

100 1162 205 1209 inmane
219 1169 256 1209 est
268 1159 360 1207 vitium
373 1159 434 1207 dare
448 1157 522 1206 milia
534 1165 608 1207 terna
620 1161 741 1211 macello

100 1259 259 1312 angustoque
273 1263 351 1312 vagos
363 1248 440 1311 piscis
452 1261 563 1311 urguere
575 1248 664 1297 catino
677 1285 685 1299 .

100 1353 193 1400 magna
207 1345 293 1385 movet
305 1337 439 1386 stomacho
452 1335 557 1385 fastidia
569 1350 612 1385 seu
627 1351 695 1400 puer
709 1343 800 1391 unctis

100 1426 219 1475 tractavit
232 1426 340 1475 calicem
352 1424 486 1484 manibus,
501 1423 562 1472 dum
575 1423 646 1472 furta
657 1425 784 1491 ligurrit,

101 1515 152 1562 sive
166 1514 248 1577 gravis
261 1514 340 1562 veteri
353 1521 477 1562 creterrae
489 1512 567 1561 limus
580 1511 716 1564 adhaesit.

100 1603 192 1651 vilibus
204 1603 231 1650 in
244 1603 342 1664 scopis,
356 1603 384 1650 in
398 1602 513 1664 mappis,
529 1601 557 1649 in
569 1601 646 1650 scobe
659 1613 779 1665 quantus

100 1692 217 1740 consistit
230 1689 362 1754 sumptus?
381 1690 519 1752 neglectis,
534 1689 662 1754 flagitium
675 1691 786 1756 ingens.

100 1790 141 1830 ten
154 1780 251 1843 lapides
265 1779 349 1827 varios
361 1778 489 1826 lutulenta
501 1778 589 1827 radere
602 1777 693 1841 palma

99 1878 123 1917 et
137 1869 230 1933 Tyrias
243 1868 303 1916 dare
316 1867 412 1914 circum
425 1866 507 1914 inlota
520 1865 615 1915 toralia
627 1868 721 1928 vestis,

100 1958 207 2006 oblitum
221 1964 318 2018 quanto
332 1970 422 2004 curam
435 1962 616 2018 sumptumque
628 1956 762 2008 minorem

99 2046 162 2093 hacc
176 2046 304 2103 habeant,
319 2051 391 2093 tanto
403 2043 522 2106 reprendi
534 2042 624 2091 iustius
638 2042 691 2092 illis

99 2147 165 2193 1111
178 2134 228 2181 nisi
242 2133 363 2182 divitibus
374 2138 503 2193 nequeant
516 2131 667 2194 contingere
680 2129 810 2186 mensisi’

98 2220 172 2269 docte
186 2219 261 2278 Cati,
277 2235 322 2282 per
335 2220 477 2269 amicitiam
490 2220 612 2280 divosque
624 2229 735 2281 rogatus

98 2308 188 2355 ducere
202 2321 242 2354 me
256 2308 372 2355 auditum
385 2322 473 2372 perges
486 2321 650 2370 quocumque
663 2321 813 2364 memento.

97 2410 159 2442 nam
179 2394 296 2456 quamvis
309 2396 418 2443 memori
431 2396 525 2444 reseras
538 2395 602 2442 mihi
616 2403 721 2458 pectore
735 2409 821 2451 cunct:

97 2499 149 2531 non
163 2491 250 2531 tamen
264 2482 387 2545 interpres
400 2484 551 2532 tantundem
564 2483 671 2533 iuveris.
701 2485 772 2537 adde

96 2572 193 2620 voltum
206 2570 374 2633 habitumque
387 2571 512 2632 hominis,
528 2586 603 2633 quem
616 2580 643 2620 tu
655 2572 806 2626 vidissebea
