1784 3000
123 188 172 234 142
410 180 575 221 cennrncrr

121 346 199 393 iudex
212 346 349 392 honestum
361 344 482 406 praetulit
492 342 565 402 utili,

120 433 207 481 reiecit
221 433 271 480 alto
285 432 354 480 dona
366 432 514 480 nocentium

121 521 204 580 voltu,
219 535 265 583 per
279 521 404 569 obstantis
417 528 531 568 catervas

120 608 243 672 explicuit
254 623 300 656 suu
312 609 393 657 victor
406 623 492 656 arma.

67 758 92 797 ιι
119 764 172 798 non
184 749 355 812 possidentem
369 749 450 798 multa
462 747 592 797 vocaveris

118 848 185 886 recte
199 838 319 896 beatum3
342 838 435 886 rectius
447 844 556 899 occupat

120 940 213 975 nomen
227 926 311 986 beati,
326 927 371 989 qui
384 927 490 975 deorum

119 1013 266 1062 muneribus
278 1014 405 1077 sapienter
418 1014 456 1062 uti

119 1155 260 1216 duramque
273 1155 349 1204 callet
361 1155 510 1218 pauperiem
523 1154 577 1218 peti

66 1252 91 1291 ⁶0
118 1243 240 1304 peiusque
253 1243 305 1291 leto
319 1243 444 1307 flagitium
458 1242 544 1303 timet,

118 1343 171 1377 non
184 1329 226 1378 ille
239 1346 286 1393 pro
300 1333 366 1380 caris
379 1331 467 1379 amicis

118 1424 162 1465 aut
175 1417 260 1480 patrie
272 1420 377 1468 timidus
389 1420 488 1482 perire.

468 1789 509 1839 X.

28 2006 37 2021 ,
117 1963 139 2012 0
153 1966 260 2015 crudelis
273 1967 359 2015 adhuc
371 1974 396 2014 et
409 1966 517 2014 Veneris
529 1966 678 2014 muneribus
691 1973 798 2028 potens,

117 2053 245 2116 insperata
259 2063 317 2103 tuae
331 2070 390 2103 curn
402 2055 486 2103 veniet
497 2055 586 2117 pluma
600 2052 735 2117 superbiae

118 2150 141 2189 et
155 2157 221 2203 quae
234 2158 303 2191 nunc
315 2143 410 2191 umeris
423 2142 560 2191 involitunt
573 2141 713 2192 deciderint
726 2157 832 2207 comae,

117 2243 184 2276 nunc
198 2239 223 2277 et
235 2231 279 2291 qui
292 2229 364 2277 color
377 2237 414 2279 est
425 2230 550 2293 puniceae
562 2230 625 2279 flore
638 2230 711 2293 prior
723 2245 797 2281 rosae

78 2377 90 2415 ⁶
118 2378 243 2429 mutatus,
258 2369 394 2432 Ligurine,
409 2369 543 2418 infaciem
555 2371 657 2420 verterit
669 2370 814 2435 hispidum,

118 2457 186 2505 dices
198 2457 268 2507 ‘heu'
281 2458 399 2520 quotiens
411 2466 436 2507 te
449 2458 554 2520 speculo
568 2459 660 2508 videris
672 2459 795 2522 alterum,

113 2537 190 2605 ‘quae
200 2561 272 2596 mens
285 2556 320 2597 est
334 2547 426 2607 hodie,
441 2561 487 2594 cur
500 2548 589 2597 endem
601 2563 656 2598 non
668 2563 750 2611 puero
763 2548 830 2610 fuit,

99 2632 143 2680 vel
156 2636 260 2688 curbis
272 2638 373 2690 animis
387 2636 537 2688 incolumes
547 2650 604 2686 ncn
612 2636 725 2684 reueunc
733 2637 840 2696 ζωὴ*

416 2778 594 2796 ..θ-’.-
