1784 3000
372 120 464 162 mana
479 123 504 165 1.
761 129 812 176 283

65 297 144 344 quam
157 283 222 330 mihi
235 283 280 329 das
294 297 387 346 aegro,
402 284 475 331 dabis
487 292 620 347 aegrotare
634 286 750 347 timenti,

25 383 37 418 a
65 370 218 431 Maecenas,
234 371 350 430 veniam,
366 372 428 420 dum
440 373 501 420 ficus
514 373 598 435 prima
612 373 733 436 calorque

65 458 261 531 dissignatorem
274 458 378 507 decorat
390 460 524 508 lictoribus
538 462 613 520 atris,

65 548 126 595 dum
140 547 225 609 pueris
238 547 322 595 omnis
334 554 408 611 pater
420 556 445 597 et
458 549 601 598 matercula
613 550 708 613 pallet,

66 635 235 698 officiosaque
247 627 369 685 sedulitas
384 644 408 684 et
421 636 506 698 opella
518 636 627 686 forensis

64 724 171 772 adducit
183 722 260 771 febris
274 732 299 773 et
311 731 462 773 testamenta
474 725 604 787 resignat.

12 820 36 858 ιο
64 812 157 874 quodsi
171 812 262 860 bruma
274 812 341 860 nivis
354 811 462 861 Albanis
475 812 566 863 inlinet
579 814 660 877 agris,

64 901 99 949 ad
112 914 183 948 mare
196 900 333 949 descendet
344 910 414 950 vates
426 908 484 950 tuus
497 909 521 950 et
534 901 583 949 sibi
596 909 684 964 parcet

63 995 263 1050 contractusque
275 987 357 1050 leget:
378 997 419 1048 te,
435 989 515 1038 dulcis
528 990 626 1048 amice,
641 991 732 1038 reviset

65 1092 125 1126 cum
139 1076 272 1139 zephyris,
288 1078 308 1126 si
322 1077 460 1138 concedes,
475 1084 501 1126 et
513 1077 651 1126 hirundine
664 1078 762 1140 prima.

64 1179 118 1214 non
131 1179 182 1227 quo
196 1179 267 1214 more
279 1166 349 1229 pyris
361 1166 428 1214 vesci
443 1163 552 1214 Calaber
564 1165 636 1213 iubet
648 1165 742 1228 hospes

12 1260 36 1299 rt
64 1262 92 1302 tu
105 1267 145 1301 me
156 1253 240 1302 fecisti
252 1253 420 1316 locupletem.
446 1247 560 1302 ‘vescere
573 1245 671 1302 sodes.'

63 1342 131 1390 ‘iam
145 1342 205 1391 satis
219 1334 280 1392 est.'
299 1333 644 1405 ‘attuquantumvistolle.'
663 1330 812 1404 ‘benigna'

64 1431 133 1480 ‘non
145 1430 229 1478 invisa
242 1431 307 1479 feres
319 1431 405 1494 pueris
417 1431 571 1480 munuscula
583 1431 669 1494 parvis
677 1421 694 1478 .'

63 1521 132 1569 ‘tam
144 1527 234 1568 teneor
246 1519 315 1566 dono
329 1533 407 1580 quam
420 1519 442 1566 si
455 1519 571 1568 dimittar
583 1527 688 1568 onustus
697 1510 717 1566 .'·

62 1601 108 1657 ‘ut
120 1607 197 1657 libet:
220 1607 284 1655 haec
296 1607 382 1669 porcis
395 1606 473 1655 hodie
486 1607 645 1656 comedenda
657 1607 784 1669 relinques
794 1606 811 1653 .'

10 1704 35 1740 eo
63 1696 186 1760 prodigus
200 1704 224 1745 et
236 1695 329 1744 stultus
343 1694 423 1744 donat
437 1709 502 1756 quae
514 1694 613 1758 spernit
625 1704 650 1744 et
663 1695 731 1743 odit:

63 1785 129 1833 haec
141 1799 211 1848 seges
222 1783 337 1848 ingratos
350 1783 408 1832 tulit
421 1791 445 1832 et
458 1783 521 1833 feret
533 1782 651 1831 omnibus
665 1782 753 1832 annis.

63 1873 103 1920 vir
115 1871 199 1921 bonus
211 1880 236 1921 et
248 1872 351 1935 sapiens
364 1871 448 1936 dignis
460 1872 496 1921 ait
509 1885 562 1920 esse
575 1879 699 1934 paratus:

63 1975 112 2009 nec
125 1969 211 2009 tamen
224 1959 327 2022 ignorat
339 1959 401 2021 quid
414 1960 509 2010 distent
521 1973 582 2009 aera
594 1958 705 2022 lupinis.

64 2049 173 2112 dignum
185 2048 322 2111 praestabo
336 2063 377 2097 me
390 2049 468 2098 etiam
481 2062 528 2112 pro
540 2048 616 2097 laude
629 2046 763 2096 merentis.

10 2145 34 2183 25
63 2135 157 2198 quodsi
170 2150 211 2185 me
223 2136 295 2185 uoles
307 2151 416 2198 usquam
430 2138 573 2196 discedere,
589 2136 678 2185 reddes

62 2226 130 2274 forte
142 2225 224 2285 latus,
239 2224 328 2287 nigros
342 2232 450 2287 angusta
462 2226 547 2274 fronte
560 2224 683 2288 capillos,

61 2314 153 2364 reddes
165 2313 239 2362 dulce
251 2313 340 2376 loqui,
355 2315 444 2363 reddes
457 2315 540 2362 ridere
551 2313 672 2362 decorum
686 2320 710 2362 et

61 2404 130 2452 inter
141 2402 202 2450 vina
215 2401 305 2464 fugam
319 2400 429 2451 Cinarae
442 2415 554 2451 maerere
567 2408 715 2464 protervae.

58 2490 130 2539 'forte
143 2504 188 2553 per
201 2497 333 2553 angustam
347 2489 428 2538 tenuis
441 2489 556 2538 nitedula
568 2489 661 2536 rimam

10 2587 31 2624 ⁹0
57 2585 172 2641 repserat
183 2577 212 2628 in
227 2593 366 2631 cumeram
376 2578 526 2636 lrnmenti,
537 2579 779 2640 ῃεωῳωῑω
