1770 2984
250 192 299 240 122
541 181 722 228 fflffllwfl

54 332 75 417 Ι·“
91 330 97 341 '
111 354 120 391 ·;
195 359 220 398 cs
247 350 287 399 vel
298 348 351 398 sole
363 361 444 412 puro;
465 354 620 396 nontamen
634 347 760 400 inritum

247 439 428 501 quodcumque
441 444 508 486 retro
521 442 559 485 est
571 434 671 486 efficiet
684 453 784 504 neque

247 525 365 591 diffinget
377 526 553 587 infectumque
565 523 658 572 reddet

247 616 317 677 quod
331 614 431 679 fugiens
443 613 522 663 semel
534 614 600 662 hore
611 613 705 666 vexit.

247 755 376 814 Fortuna,
391 769 467 804 suevo
480 755 548 804 laets
559 753 666 819 negotio
680 764 711 805 et

63 820 83 851 ³'
111 830 114 885 ]
193 852 219 890 so
247 843 335 891 ludum
347 843 501 893 insolentem
513 843 601 892 ludere
612 843 762 908 pertinax,

247 941 400 981 transmutat
412 933 523 981 incertos
535 931 661 991 honores,

246 1035 315 1069 nunc
329 1020 406 1082 mihi,
421 1035 489 1069 nunc
501 1019 548 1069 alii
560 1017 684 1082 benignu.

245 1160 324 1210 laudo
338 1170 498 1211 manentem:
520 1160 542 1209 si
555 1158 650 1208 celeres
661 1162 754 1223 quatit

246 1265 357 1312 pennos,
372 1252 473 1314 resigno
487 1263 553 1311 quae
566 1248 636 1297 dedit
649 1256 674 1297 et
686 1263 752 1300 meu

52 1316 96 1397 γ’.)
108 1326 117 1373 ’ῗ
193 1345 218 1384 55
247 1339 339 1388 virtute
352 1353 392 1386 me
405 1337 507 1387 involvo
521 1336 680 1400 probamque

245 1427 395 1490 pauperiem
407 1427 460 1475 sine
473 1427 532 1474 dote
545 1438 652 1488 quaero.

245 1583 298 1618 non
312 1577 350 1617 est
362 1583 462 1627 meum,
477 1568 500 1615 si
512 1567 612 1629 mugiet
623 1562 723 1614 Africis

245 1657 327 1706 malus
339 1656 471 1720 procellis,
487 1657 519 1703 sd
532 1656 636 1704 miseras
648 1666 741 1716 preces

55 1808 61 1817 ι
115 1810 118 1817 Ι
245 1748 378 1796 decurrere
391 1753 416 1795 et
428 1744 495 1792 votis
508 1742 617 1806 pacisci,

58 1814 71 1855 ἸΙ
86 1816 93 1843 ²
115 1874 118 1889 ,
192 1840 218 1880 ⁶⁰
244 1850 277 1885 ne
289 1834 400 1899 Cypriae
413 1834 559 1898 Tyriaeque
572 1845 666 1881 merces

246 1977 342 2026 addant
355 1990 431 2025 avaro
445 1975 546 2023 divitius
559 1973 638 2022 mari.

244 2073 300 2112 tum
312 2079 353 2113 me
366 2064 471 2112 biremis
483 2062 611 2125 praesidio
624 2059 738 2122 scaphae

244 2159 328 2200 tutum
341 2166 387 2214 per
400 2152 520 2214 Aegaeos
532 2151 655 2199 tumultus

245 2253 308 2286 auru
320 2239 385 2287 feret
397 2240 566 2301 geminusque
579 2237 686 2286 Pollux.
