1784 3000
349 196 442 236 LIBER
457 197 494 236 11.

59 358 120 406 lana
134 358 274 406 Tarentino
288 358 368 407 violas
381 359 484 408 imitata
496 374 609 408 veneno.

60 461 91 495 ao
103 461 136 495 ne
149 445 216 495 forte
229 453 303 508 putes
316 461 373 505 me,
389 462 455 509 quae
467 448 552 497 iacere
565 449 620 511 ipse
632 464 764 510 recusem,

59 549 120 582 cum
133 541 200 583 recte
212 541 322 583 tractent
334 534 395 596 alii,
410 536 517 585 laudare
530 537 657 602 maligne:

14 632 44 670 lo
58 622 103 671 ille
116 637 161 684 per
173 629 307 671 extentum
319 623 409 672 funem
422 623 488 672 mihi
500 638 574 687 posse
586 626 686 675 videtur

58 711 96 760 ire
108 718 202 773 poeta,
217 725 303 759 meum
317 711 361 773 qui
376 719 464 775 pectus
477 713 588 762 inaniter
600 715 688 776 angit,

57 799 166 859 inritat,
180 799 290 860 mulcet,
305 799 377 848 falsis
389 801 528 850 terroribus
541 801 623 864 inplet

56 894 86 935 ut
99 901 206 951 magus,
227 896 253 936 et
265 889 343 936 modo
357 902 399 937 me
412 888 524 950 Thebis,
540 890 617 938 modo
631 891 706 953 ponit
719 890 842 940 Athenis.

56 989 146 1025 verum
159 990 206 1040 age
220 984 244 1026 et
256 976 314 1036 his,
331 977 376 1039 qui
389 991 415 1026 se
427 978 518 1027 lectori
532 979 634 1028 credere
647 978 748 1028 malunt

12 1071 41 1110 15
57 1076 138 1124 quam
150 1065 300 1126 spectatoris
313 1065 418 1114 fastidia
431 1065 496 1115 ferre
508 1066 627 1129 superbi,

57 1166 149 1200 curam
161 1153 238 1201 redde
251 1153 369 1215 brevem,
385 1155 406 1203 si
419 1169 512 1202 munus
524 1153 648 1217 Apolline
660 1155 767 1217 dignum

55 1241 95 1290 vis
108 1240 226 1304 conplere
238 1241 311 1290 libris
326 1250 350 1292 et
363 1242 463 1290 vatibus
476 1242 570 1292 addere
582 1242 682 1301 calcar,

55 1337 86 1378 ut
98 1330 184 1379 studio
198 1331 296 1379 maiora
309 1337 399 1393 petant
410 1330 538 1379 Helicona
550 1331 687 1380 virentem.

56 1419 138 1468 multa
151 1419 255 1480 quidem
268 1420 342 1468 nobis
355 1419 466 1467 iacimus
476 1419 545 1468 mala
557 1434 633 1483 saepe
646 1427 736 1482 poetae

14 1520 42 1558 ao
59 1505 99 1572 (ut
111 1509 197 1556 vineta
210 1515 311 1571 egomet
324 1508 431 1556 caedam
444 1506 530 1571 mea),
546 1523 606 1557 oum
618 1509 666 1557 tibi
678 1508 774 1557 librum

55 1596 171 1646 sollicito
185 1596 276 1644 damus
289 1603 335 1644 aut
347 1595 430 1656 fess03
446 1612 506 1645 cum
518 1597 660 1656 laedimur,
675 1611 757 1645 unum

56 1685 137 1747 siquis
150 1685 295 1733 amicorum
307 1692 343 1732 est
356 1699 433 1742 ausus
445 1685 596 1747 reprendere
608 1699 725 1742 versum3

55 1789 115 1823 oum
128 1774 188 1822 loca
200 1774 253 1820 iam
265 1771 373 1821 recitata
385 1771 535 1820 revolvimus
547 1771 704 1830 inrevocati3

57 1877 117 1912 cum
129 1862 301 1910 lamentamur
312 1874 366 1909 non
379 1859 502 1923 adparere
514 1859 616 1908 labores

15 1964 41 2003 ao
56 1958 158 2001 nostros
172 1957 197 1998 et
208 1950 280 1998 tenui
293 1950 403 1997 deducta
415 1956 536 2011 poemata
549 1947 608 2005 filo;

57 2053 117 2088 cnm
130 2053 262 2102 speramus
277 2052 307 2086 eo
320 2052 375 2086 rem
387 2043 520 2085 venturam
533 2044 574 2093 ut,
590 2034 665 2084 simul
679 2043 756 2096 atque

57 2128 173 2177 carmina
184 2127 299 2176 rescieris
311 2141 358 2175 nos
369 2125 481 2190 fingere,
497 2124 648 2173 commodus
660 2123 727 2171 ultro

57 2230 170 2266 arcessas
184 2224 209 2264 et
221 2229 294 2280 egere
307 2221 374 2263 vetes
389 2220 414 2262 et
426 2211 535 2261 scribere
548 2226 641 2274 cogas:

56 2306 99 2357 sed
112 2314 199 2355 tamen
212 2313 249 2353 est
263 2301 480 2366 operaepretium
494 2314 647 2365 cognoscere
660 2301 743 2365 qualis

10 2404 42 2443 rao
58 2395 174 2444 aedituos
187 2393 281 2441 habeat
293 2391 353 2439 belli
366 2397 480 2453 spectata
493 2389 614 2452 domique

55 2485 150 2544 virtus,
164 2480 273 2543 indigno
285 2493 339 2528 non
352 2478 529 2528 conmittenda
541 2486 647 2541 poetae.

56 2581 142 2638 gratus
154 2568 305 2620 Alexandro
318 2568 372 2632 regi
384 2582 477 2632 magno
490 2567 540 2616 init
552 2566 596 2616 ille

57 2659 204 2718 Choerilus,
219 2657 326 2708 incultis
340 2657 387 2722 qui
398 2657 519 2709 versibus
532 2664 559 2706 et
568 2654 643 2705 maie
652 2651 729 2700 naus
