1770 2984
79 178 129 225 reo
361 172 544 214 sermonum

79 336 166 383 hortos
180 336 346 401 egregiusque
359 338 450 386 domos
462 336 599 385 mercarier
611 351 682 385 unua

81 440 138 471 cum
152 425 223 472 lucro
236 439 343 484 noram3
358 426 425 474 unde
438 424 584 486 frequentia
597 423 765 476 Mercuriale

80 513 215 574 inposuere
229 513 292 560 mihi
306 527 451 577 cognomen
464 511 578 574 compita
586 502 602 562 .’
627 513 709 573 novi,

81 609 104 647 et
119 600 198 647 miror
211 599 295 648 morbi
308 607 446 663 purgatum
460 608 484 648 te
497 599 579 647 illius.
607 598 696 661 ‘utqui

81 689 176 736 emovit
189 697 299 737 veterem
312 688 376 736 mire
388 702 482 746 novus,
497 694 526 734 ut
538 685 602 736 solet
614 687 643 734 in
657 702 705 737 cor

82 777 189 825 traiecto
202 777 288 826 lateris
302 776 387 824 miseri
400 775 522 838 capitisve
535 773 643 835 dolore,

85 873 113 913 ut
125 866 280 929 lethargicus
293 865 336 913 hic
350 879 407 913 cum
420 864 448 912 fit
461 861 534 928 pugil
546 870 571 912 et
584 863 720 914 medicum
734 861 861 933 urguet.'

84 955 145 1001 dunr
159 969 190 1002 ne
204 954 266 1015 quid
278 953 362 1002 simile
374 952 449 1012 huic,
464 962 517 1001 esto
532 959 560 1000 ut
572 949 651 1002 libet.
677 952 708 1001 ‘o
723 954 816 1018 bone,
832 972 865 1007 ne
882 979 885 992 ·

85 1042 219 1091 frustrere:
234 1042 330 1090 insanis
344 1049 368 1090 et
381 1048 409 1090 tu
421 1040 542 1103 stultique
554 1054 636 1104 prope
649 1054 762 1106 omnes,

85 1131 168 1192 siquid
183 1130 318 1179 Stertinius
330 1129 383 1179 veri
395 1138 498 1192 crepat,
512 1129 581 1177 unde
593 1142 642 1191 ego
656 1128 727 1178 mira

86 1221 207 1282 descripsi
221 1219 311 1268 docilis
324 1226 462 1282 praecepta
475 1218 555 1277 haec,
570 1225 688 1280 tempore
701 1233 757 1280 quo
772 1235 818 1271 me

87 1308 180 1355 solatus
193 1308 264 1355 iussit
276 1307 419 1369 sapientem
431 1320 535 1369 pascere
548 1304 657 1354 barbam

86 1403 164 1455 atque
177 1409 192 1441 a
204 1393 324 1442 Fabricio
337 1408 390 1442 non
403 1395 502 1445 tristem
514 1402 593 1457 ponte
606 1394 711 1443 reverti.

86 1497 162 1541 narrt,
178 1482 245 1530 mule
258 1497 286 1530 re
299 1489 386 1544 gesta,
402 1498 461 1532 cum
474 1481 566 1531 vellem
579 1481 680 1530 mittere
693 1490 789 1546 operto

88 1586 128 1618 me
142 1571 226 1632 capite
239 1571 266 1618 in
279 1571 387 1632 flumen,
403 1572 491 1620 dexter
504 1570 573 1619 stetit
586 1578 611 1619 et
622 1561 703 1618 “cave
716 1568 791 1621 faxis

87 1667 111 1706 te
125 1660 264 1720 quicquam
276 1660 426 1722 indignum:
442 1648 542 1721 pudor''
553 1658 640 1720 inquit
652 1650 696 1707 “te
708 1660 795 1710 melus
809 1662 882 1727 angit

89 1749 191 1796 insanos
204 1747 248 1809 qui
261 1748 329 1796 inter
341 1761 443 1796 vereare
457 1747 561 1795 insanus
574 1746 679 1795 haberi.

89 1836 200 1898 primurn
214 1851 275 1884 nam
288 1834 418 1897 inquiram
433 1835 494 1896 quid
507 1835 540 1883 sit
553 1834 651 1884 furere:
668 1835 719 1884 hoc
733 1836 756 1884 si
770 1838 819 1887 erit
831 1837 860 1886 in
872 1847 881 1886 t

89 1926 160 1985 solo,
176 1925 212 1973 nil
225 1924 311 1985 verbi,
326 1937 413 1987 pereas
426 1923 489 1985 quin
502 1923 618 1983 fortiter,
634 1923 742 1976 addam.

90 2029 165 2074 quem
180 2014 248 2061 mala
260 2012 369 2061 stultitia
382 2019 406 2060 et
419 2025 606 2073 quemcumque
619 2011 723 2060 inscitia
736 2012 790 2061 veri

91 2116 195 2149 caecum
209 2102 276 2165 agit,
290 2101 410 2149 insanum
424 2098 563 2163 Chrysippi
576 2099 692 2162 porticus
706 2107 733 2148 et
745 2114 812 2164 grex

52 2195 60 2226 7
92 2198 222 2239 arrturrrut.
249 2190 313 2237 haec
326 2189 452 2253 populos,
467 2187 531 2236 haec
544 2201 652 2251 magnos
666 2186 782 2237 formula
794 2202 879 2253 reges,

91 2285 198 2338 excepto
212 2276 342 2338 sapiente,
359 2288 440 2327 tenet.
466 2290 534 2322 nunc
547 2275 636 2337 accipe
649 2289 730 2337 quare

91 2364 217 2426 desipiant
230 2377 318 2411 omnes
331 2379 413 2426 acque
426 2379 455 2412 ac
468 2372 496 2412 tu
509 2364 554 2426 qui
567 2363 615 2411 tibi
627 2376 723 2412 nomen

92 2454 182 2500 insano
197 2466 316 2515 posuere.
344 2452 412 2501 velut
425 2451 495 2500 silvis
508 2452 552 2500 ubi
565 2451 660 2514 passim

93 2540 204 2603 palantis
217 2553 287 2589 error
300 2548 368 2590 certo
383 2541 414 2588 de
427 2541 530 2589 tramite
543 2539 629 2603 pellit,

39 2633 66 2671 5⁰
93 2629 136 2676 iile
148 2628 337 2688 sinistrorsum,
353 2628 395 2676 hic
408 2629 568 2677 dextrorsum
579 2627 649 2687 abit,
664 2641 731 2676 unus
743 2627 851 2692 utrique
