1770 2984
380 175 599 217 EPISTULARUM

467 496 508 545 X.

113 690 189 739 Urbis
202 698 345 739 amatorem
358 690 469 739 Fuscum
480 689 576 739 salvere
590 690 710 740 iubemus

114 780 179 827 ruris
192 787 337 828 amatores.
363 777 413 826 hee
426 778 453 827 in
467 792 493 827 re
506 778 602 828 seilicet
615 794 667 827 una

114 868 224 916 multum
237 865 386 924 dissimiles,
403 873 430 914 at
443 874 527 916 cetera
540 881 623 930 paene
635 857 759 929 gemelli,

114 956 234 1005 fraternis
248 954 359 1014 animis,
374 954 499 1018 quidquid
512 963 590 1019 negat
602 955 681 1015 ulter,
698 964 724 1005 et
738 957 820 1019 alter,

74 1051 86 1090 t
114 1045 251 1093 adnuimus
263 1043 374 1106 pariter:
395 1043 472 1092 vetuli
485 1043 593 1106 notique
606 1043 738 1106 columbi,

114 1145 142 1182 tu
155 1132 245 1181 nidum
258 1146 358 1192 servas,
374 1145 422 1194 ego
435 1130 513 1180 laudo
526 1131 592 1180 ruris
604 1133 708 1180 amoeni

114 1223 182 1270 rivos
195 1230 220 1270 et
233 1234 321 1268 musco
335 1218 481 1268 circumlita
493 1235 558 1269 saxa
570 1234 726 1283 nemusque.

115 1310 176 1372 quid
190 1308 309 1371 quaeris?
328 1308 385 1355 vivo
399 1316 425 1357 et
436 1322 530 1370 regnu,
545 1307 622 1356 simul
635 1308 684 1357 ista
698 1309 796 1371 reliqui

115 1412 181 1460 quae
194 1411 238 1445 vos
252 1397 284 1444 ud
298 1396 398 1445 caelum
409 1395 504 1445 effertis
515 1410 620 1444 rumore
633 1397 762 1456 secunde,

63 1494 88 1531 10
116 1495 195 1547 utque
207 1485 346 1534 sacerdotis
359 1484 482 1548 fugitivus
493 1484 548 1533 liba
560 1499 666 1545 recuso,

114 1589 180 1638 pane
193 1587 255 1637 egeo
269 1573 321 1620 iam
335 1572 439 1622 mellitis
451 1573 552 1635 potiore
568 1573 706 1636 placentis.

113 1665 197 1711 vivere
212 1670 319 1710 naturae
333 1661 355 1709 si
367 1661 550 1711 convenienter
563 1670 664 1724 oportet

114 1753 299 1815 ponendaeque
313 1751 391 1799 domo
405 1750 551 1810 quaerenda
564 1760 602 1799 est
615 1764 674 1799 area
686 1750 817 1813 primum,

114 1841 244 1890 novistine
258 1840 345 1888 locum
358 1838 487 1900 potiorem
499 1853 557 1887 rure
570 1839 664 1888 beato?

62 1933 88 1972 15
117 1939 154 1978 est
167 1929 212 1977 ubi
225 1929 284 1992 plus
297 1934 402 1990 tepeant
413 1926 526 1985 hiemes,
542 1927 586 1975 ubi
598 1927 698 1991 gratior
712 1941 776 1975 aura

116 2017 196 2066 leniat
209 2025 234 2066 et
246 2016 344 2065 rabiem
357 2015 428 2064 oanis
442 2025 466 2064 et
479 2023 611 2065 momenta
624 2015 720 2075 leonis,

117 2120 175 2154 oum
188 2104 267 2154 semel
281 2104 381 2167 aceepit
393 2103 473 2152 solem
487 2102 641 2152 furibundus
653 2103 776 2151 acutum?

117 2201 153 2241 est
166 2192 211 2240 ubi
225 2193 331 2241 divellat
343 2206 446 2241 somnos
459 2191 543 2240 minus
555 2192 643 2240 invida
655 2190 735 2239 eura?

117 2279 229 2328 deterius
242 2279 347 2342 Libyeis
361 2280 414 2329 olet
426 2288 472 2329 aut
483 2280 549 2328 nitet
561 2279 642 2328 herba
653 2278 769 2342 lapillis?

66 2375 90 2413 eo
118 2368 206 2431 purior
219 2366 247 2414 in
259 2366 321 2414 vicis
334 2382 402 2430 aqua
416 2367 498 2416 tendit
511 2382 629 2431 rumpere
641 2367 793 2431 plumbum,

118 2455 850 2519 quamquaeperpronumtrepidatoummurmurerivum

117 2559 209 2608 nempe
222 2544 288 2592 inter
301 2540 384 2589 varias
398 2543 511 2591 nutritur
523 2544 586 2592 silva
599 2545 750 2602 columnas,

117 2633 289 2694 laudaturque
303 2630 393 2679 domus
405 2629 497 2694 longos
511 2646 577 2694 quae
590 2632 714 2695 prospicit
727 2646 817 2696 agros.
