1770 2984
166 364 200 413 80
458 354 635 399 ΟΔΒΙῙΙΙῙΙ

125 530 138 569 ⁶
166 524 220 572 dux
233 520 342 584 inquieti
352 518 471 569 turbidus
482 516 615 579 Hadriae,

166 625 214 660 uec
226 608 387 658 fulminantis
399 621 494 672 magns
505 620 600 656 mnus
611 604 709 661 Iovlsc

165 699 186 748 si
200 698 296 747 fractus
308 694 439 746 inlabatur
451 694 535 754 orbis,

166 785 318 849 inpavidum
331 784 426 833 ferient
438 783 542 832 ruinae.

166 926 216 975 hac
228 934 283 975 arte
297 923 394 974 Pollux
406 930 433 973 et
444 938 524 987 vegas
535 920 668 975 Hercules

114 1023 139 1062 ιο
168 1014 252 1064 enisus
264 1014 330 1063 arcis
342 1012 429 1075 attigit
440 1012 544 1074 igneas,

168 1117 232 1167 quos
244 1103 312 1151 inter
325 1102 455 1164 Augustus
466 1097 618 1149 recumbens

167 1204 296 1256 purpureo
310 1187 380 1238 bibet
392 1202 437 1237 ore
449 1194 552 1247 nectar,

167 1331 217 1380 hac
230 1338 255 1379 te
267 1338 420 1388 merentem,
434 1327 538 1378 Bacche
550 1335 640 1391 pater,
656 1336 726 1383 tuae

167 1432 260 1467 vexere
272 1418 351 1480 tigres
364 1416 469 1466 indocili
481 1415 573 1478 iugum

115 1519 140 1558 15
168 1506 235 1555 eollo
249 1505 393 1566 trahentes,
407 1504 458 1553 hac
472 1501 596 1563 Quirinus

169 1594 260 1645 Martis
273 1593 343 1657 equis
355 1591 505 1642 Acheronta
517 1591 598 1655 fugit,

169 1743 272 1799 gratum
284 1735 385 1784 elocuta
398 1732 591 1782 consiliantibus

169 1825 269 1874 Iunone
282 1823 361 1875 divis.
387 1821 477 1880 ‘llion‚
492 1820 561 1870 Ilion

169 1911 258 1961 fatalis
270 1912 430 1973 incestusque
442 1909 522 1958 iudex

116 2014 141 2052 ao
170 2009 195 2051 et
207 1999 299 2050 mulier
311 1998 446 2063 peregriua
457 1996 533 2047 vertit

169 2142 197 2191 in
209 2142 354 2207 pulverem,
369 2153 402 2189 ex
415 2152 467 2201 quo
481 2136 595 2187 destituit
606 2134 668 2186 deos

169 2229 286 2278 mercede
298 2237 374 2292 pacta
386 2226 540 2276 Laomedon
553 2223 617 2272 mihi

169 2323 305 2377 castaeque
316 2315 465 2363 damnatam
477 2314 609 2363 Minervae

169 2417 228 2452 cum
240 2402 336 2466 populo
349 2410 375 2451 et
387 2402 451 2450 duce
463 2401 642 2453 fraudulento.

21 2528 35 2551 ²
117 2551 142 2589 at
169 2542 223 2592 iam
234 2556 283 2591 nec
294 2541 429 2591 Lacaenae
439 2541 555 2604 splendet
567 2540 699 2592 adulterae

169 2631 283 2680 fumosus
295 2630 387 2693 hospes
400 2644 448 2679 nec
461 2627 558 2678 Priami
571 2629 662 2679 domus

169 2718 271 2784 periura
283 2716 407 2783 pugnacis
418 2717 533 2767 Achivos

167 2806 302 2857 Hectoreis
311 2806 404 2873 opibus
415 2806 547 2871 refringit,
