1770 2984
300 195 351 245 134
587 184 774 231 mmmm

299 353 363 403 votis
376 350 556 412 ominibusque
569 355 594 397 et
606 348 738 410 precibus
751 363 852 415 vocat,

300 456 378 491 curvo
391 455 439 489 nec
451 437 547 487 faeiem
559 434 637 485 litore
649 435 797 502 dimovet,

244 537 271 577 rb
300 531 337 580 sic
350 527 483 578 desideriis
495 527 547 575 ieta
559 523 680 573 fidelibus

300 618 402 681 quaerit
414 615 500 679 patria
512 612 664 663 Caesarem.

300 768 370 810 tutus
384 759 429 806 bos
443 755 538 805 etenim
551 767 611 801 rura
623 753 820 820 perambulat,

301 848 380 897 nutrit
393 860 453 893 rura
466 842 543 892 Ceres
557 841 677 902 almaque
692 842 858 907 FaustitaS,

301 942 421 999 pacatum
434 931 543 981 volitant
556 944 601 993 per
612 943 685 978 mare
699 932 834 998 navitae,

247 1031 273 1071 te
302 1022 400 1086 culpari
412 1021 504 1069 metuit
516 1019 590 1078 fides,

301 1163 378 1213 nullis
391 1161 515 1226 polluitur
527 1167 597 1209 casta
611 1159 704 1208 domus
717 1163 839 1226 stupris,

301 1266 358 1300 mos
372 1259 397 1299 et
408 1251 450 1299 lex
464 1249 623 1298 maculosum
637 1246 756 1297 edomuit
770 1251 871 1316 nefas,

302 1339 440 1388 laudantur
452 1337 530 1386 simili
542 1336 614 1400 prole
626 1349 790 1399 puerperae,

302 1427 405 1491 culpem
418 1440 503 1490 poena
516 1425 610 1489 premit
621 1437 722 1472 eomes.

248 1579 273 1618 2⁶
302 1571 359 1632 quis
371 1569 498 1618 Parthum
511 1574 617 1631 paveat,
632 1566 689 1627 quis
701 1564 825 1629 gelidum
839 1567 876 1618 So

302 1658 360 1720 quis
374 1656 515 1705 Germania
528 1669 592 1718 quos
604 1652 709 1702 horrida
722 1657 843 1715 parturit

303 1745 383 1805 fetus,
398 1745 521 1793 incolumi
535 1741 662 1793 Caesare?
681 1740 740 1802 quis
753 1740 831 1793 ferae

303 1834 396 1884 bellum
409 1840 480 1881 curet
492 1830 630 1880 Hiberiae?

304 1976 392 2024 eondit
404 1974 511 2037 quisque
525 1973 593 2021 diem
606 1970 713 2020 collibus
726 1970 825 2021 inanis

249 2071 276 2109 ab
303 2073 328 2113 et
340 2065 418 2112 vitem
431 2062 521 2110 viduas
534 2059 605 2108 ducit
618 2058 650 2106 ad
663 2057 786 2116 arbores;

303 2151 363 2199 hine
377 2151 409 2199 ad
422 2151 483 2198 vina
496 2148 561 2198 redit
573 2147 656 2195 iaetus
668 2153 694 2194 et
705 2145 796 2196 alteris

302 2246 327 2286 te
340 2238 433 2286 mensis
446 2237 550 2286 adhibet
563 2236 654 2293 deum;

303 2386 327 2427 te
340 2377 421 2426 multa
434 2392 523 2440 prece,
538 2383 562 2426 te
575 2376 738 2440 prosequitur
752 2389 826 2427 mero

303 2465 393 2515 defuso
406 2466 516 2530 pateris,
531 2472 556 2514 et
568 2465 663 2512 laribus
675 2471 748 2512 tuum

249 2561 276 2601 ab
304 2554 392 2604 miscet
405 2568 515 2613 numen,
531 2553 569 2600 uti
583 2551 692 2602 Graecia
705 2549 822 2601 Castoris

297 2650 324 2696 et
335 2643 425 2714 magni
440 2656 540 2694 memor
550 2639 683 2691 Hereuiis.
