1770 2984
122 189 173 237 148
411 182 577 224 caaurnnu

121 347 214 396 deiecit
226 361 285 396 acer
298 346 356 410 plns
367 344 421 394 vice
433 344 558 409 simplici.

121 435 205 484 maior
217 434 350 484 Neronum
362 448 425 483 mox
437 448 514 496 grave
526 432 654 496 proelium

67 530 93 569 rs
121 524 241 573 conmisit
254 523 416 586 inmanisque
429 521 524 571 Raetos

121 612 242 676 auspiciis
254 611 352 675 pepulit
364 610 493 670 secundis,

120 753 273 817 spectandus
286 753 313 801 in
327 751 467 802 certamine
480 750 575 800 Martio

120 841 211 890 devota
223 841 301 891 morti
313 848 418 905 pectora
429 840 526 891 liberae

120 930 222 992 quantis
234 928 356 992 fatigaret
368 929 462 990 ruinis,

68 1026 94 1066 so
121 1018 260 1068 indomitas
274 1031 356 1082 prope
370 1017 453 1079 qualis
465 1017 548 1065 undas

120 1168 223 1210 exercet
235 1168 320 1209 auster
332 1159 466 1222 pleiadum
479 1158 559 1207 choro

120 1248 249 1297 scindente
262 1246 351 1307 nubis,
366 1247 469 1312 inpiger
481 1246 594 1295 hostium

120 1349 214 1383 vexare
227 1343 325 1383 turmas
337 1343 362 1384 et
375 1334 526 1384 frementem

121 1422 222 1472 mittere
235 1437 330 1486 equum
343 1423 441 1472 medios
453 1437 498 1486 per
510 1422 591 1487 ignis.

69 1572 95 1610 25
122 1563 159 1612 sic
172 1564 333 1613 tauriformis
346 1565 456 1613 volvitur
468 1563 591 1623 Aufidus,

121 1651 166 1713 qui
179 1666 258 1716 regna
271 1652 360 1702 Dauni
372 1653 491 1716 praefluit
503 1651 617 1716 Appuli,

121 1755 181 1788 cum
199 1740 278 1790 saevit
291 1740 497 1804 horrendamque
510 1740 584 1790 cultis

121 1827 243 1878 diluviem
255 1829 394 1878 meditatur
406 1829 486 1894 agris,

122 1978 151 2019 ut
163 1971 334 2020 barbarorum
348 1969 472 2020 Claudius
485 1970 590 2034 agmina

69 2067 95 2106 to
123 2058 219 2108 ferrata
231 2067 302 2108 vasto
315 2059 395 2109 diruit
407 2060 496 2122 inpetu

122 2147 270 2209 primosque
283 2155 308 2197 et
321 2155 448 2197 extremos
460 2149 580 2198 metendo

123 2235 211 2284 stravit
223 2235 345 2295 humum,
361 2235 415 2284 sine
428 2235 500 2284 clade
513 2237 605 2296 victor,

123 2382 148 2423 te
161 2375 265 2438 copias,
280 2382 304 2424 te
317 2375 453 2425 consilium
467 2386 492 2428 et
504 2386 562 2428 tuos

122 2462 261 2526 praebente
274 2463 360 2512 divos.
387 2478 448 2512 nam
460 2466 508 2515 tibi
521 2481 573 2530 quo
586 2466 627 2516 die

71 2559 97 2599 tt
123 2559 213 2616 portus
226 2551 390 2602 Alexandrea
404 2554 513 2617 supplex

121 2648 150 2691 et
161 2657 269 2693 uacuam
281 2641 406 2708 patefecit
418 2642 518 2705 aulam,
