1770 2984
371 194 465 235 LIBER
479 195 503 234 1.

67 369 211 420 cognomen
223 362 307 405 vertes
320 355 348 404 in
361 356 441 405 risum
454 364 479 405 et
492 356 580 405 fabula
593 356 652 405 fias.

21 452 34 490 o
62 444 158 492 viribus
171 444 251 492 uteris
263 458 310 507 per
322 444 416 505 clivos,
432 444 555 505 flumina,
571 445 668 498 lamas.

62 532 145 580 victor
157 532 284 595 propositi
296 532 373 581 simul
387 547 417 582 ac
429 535 573 596 perveneris
585 534 663 593 illuc,

63 620 100 669 sic
112 620 227 683 positum
240 621 353 670 servabis
366 636 445 670 onus:
460 637 493 671 ne
506 622 573 672 forte
586 623 634 671 sub
647 622 689 671 ale

63 707 216 757 fasciculum
229 716 315 772 portes
327 709 453 758 librorum
465 717 495 759 ιιι
506 710 615 759 rusticus
627 724 739 772 egnum,

64 803 93 845 ιιι
103 797 193 846 vinosa
205 797 307 861 glomus
319 798 430 848 furtivae
442 797 554 860 Pyrrhia
567 798 656 859 lenae,

10 892 36 930 ιι
63 892 92 932 ut
105 899 164 933 oum
177 885 273 948 pileolo
286 887 368 936 soleas
382 887 489 935 conviva
501 885 616 937 tribulis.

64 987 114 1021 neu
127 972 205 1037 volgo
218 988 306 1023 narres
318 982 343 1024 te
356 975 486 1024 sudavisse
497 973 602 1023 ferendo

45 1057 47 1060 ’
64 1061 182 1110 carmine
194 1075 261 1123 quae
273 1062 374 1125 possint
386 1062 476 1112 oeulos
488 1062 609 1124 aurisque
621 1061 719 1110 morari

64 1148 195 1199 Caesaris.
224 1157 311 1199 oratus
325 1151 408 1200 multa
420 1164 509 1214 prece,
524 1150 621 1211 nitere,
636 1163 713 1212 porro

65 1238 144 1297 vade,
159 1237 230 1287 vale:
246 1252 306 1288 cave
318 1253 351 1288 ne
364 1237 458 1287 titubes
471 1238 643 1300 mandataque
656 1237 776 1300 frangas.

359 1415 519 1424 ..ι-...-

391 1573 471 1622 XIIII
482 1613 487 1624 .

66 1766 151 1816 Vilice
164 1767 285 1816 silvarum
298 1773 323 1814 et
336 1765 401 1813 mihi
415 1779 455 1814 me
467 1767 595 1816 reddentis
607 1765 700 1829 agelli,

68 1869 145 1918 quem
158 1863 186 1903 ιιι
199 1853 300 1902 fastidis
311 1852 458 1902 habitatum
471 1853 585 1916 quinque
598 1853 665 1902 loeis
679 1860 703 1902 et

69 1945 182 2006 quinque
196 1941 278 1990 bonos
290 1941 396 1990 solitum
408 1939 517 1990 Variam
531 1941 658 1990 dimittere
672 1948 774 2004 patres,

69 2039 209 2089 certemus,
224 2029 311 2092 spinas
324 2028 445 2079 animone
458 2043 505 2094 ego
519 2029 611 2078 fortius
623 2044 656 2077 an
670 2036 698 2077 tu

28 2125 41 2163 ι
70 2118 163 2168 evellas
175 2131 238 2180 agro
252 2123 278 2165 et
289 2116 382 2166 melior
394 2117 426 2166 sit
438 2116 561 2166 Horatius
573 2131 608 2164 an
619 2130 673 2165 res.

68 2220 110 2255 me
124 2205 243 2268 quamvis
255 2203 364 2254 Lamiae
376 2205 459 2268 pietas
472 2212 497 2254 et
508 2219 572 2253 eura
584 2213 714 2266 moratur,

70 2294 177 2344 fratrem
189 2293 345 2354 maerentis,
359 2300 434 2356 repto
448 2293 479 2342 de
491 2295 573 2348 fratre
583 2293 693 2342 dolentis

70 2381 255 2442 insolabiliter,
270 2389 356 2430 tamen
368 2381 436 2430 istue
448 2396 518 2431 mens
531 2380 682 2445 animusque

71 2470 120 2518 lert
133 2477 158 2518 et
171 2478 242 2518 amat
253 2471 344 2534 spatiis
357 2469 487 2520 obstantia
499 2484 615 2533 rumpere
628 2470 750 2519 claustro.

18 2567 43 2605 ro
64 2573 129 2608 rure
142 2573 190 2624 ego
203 2559 347 2620 viventem,
362 2567 390 2608 tu
403 2557 467 2608 dicis
479 2559 506 2606 in
519 2558 581 2607 urbe
594 2559 714 2608 beatum.

71 2647 114 2695 cui
126 2645 211 2710 placet
223 2646 343 2709 alterius,
358 2661 407 2697 sue
417 2647 540 2696 nimirum
553 2653 590 2696 est
603 2646 663 2694 odio
676 2659 740 2696 sors.
