1770 2984
325 185 420 226 ursan
434 186 470 227 11.
719 196 770 244 323

14 356 80 411 post
93 347 159 396 haec
171 349 214 398 ille
228 358 313 410 catus,
329 352 493 413 quantumvis
506 352 628 411 rusticus,
643 352 720 414 ‘ibit,

13 436 70 486 ibit
83 451 115 485 eo
129 451 180 499 quo
193 439 230 488 vis
243 440 288 500 qui
301 454 394 488 zonam
407 441 533 502 perdidit'
544 442 643 504 inquit.

12 525 121 575 Romae
134 527 226 576 numiri
238 528 303 576 mihi
317 529 425 592 contigit
438 537 515 590 atque
528 531 615 579 doceri

12 615 102 663 iratus
117 613 192 664 Grais
205 624 331 678 quantum
344 617 471 666 nocuisset
482 618 612 667 Achilles.

14 703 137 752 adiecere
150 703 233 753 bonae
246 705 336 768 paullo
349 706 406 769 plus
418 706 480 756 artis
492 707 626 768 Athenae,

16 791 120 841 scilicet
132 800 161 840 ut
173 806 272 855 possem
285 808 363 843 curvo
377 795 527 858 dignoscere
539 803 637 845 rectum

16 889 99 943 atque
113 880 181 930 inter
192 880 266 929 silvas
278 881 404 931 Academi
418 898 543 945 quaerere
555 898 659 943 verum.

15 970 85 1017 dura
97 968 140 1018 sed
155 983 271 1019 emovere
283 969 342 1018 loco
356 985 396 1020 me
408 978 526 1034 tempora
538 979 613 1034 grato

15 1057 154 1120 civilisque
166 1059 256 1106 rudem
269 1057 329 1108 belli
342 1060 401 1108 tulit
412 1067 496 1110 aestus
507 1061 536 1109 in
548 1075 620 1110 arma

15 1145 137 1195 Caesaris
148 1146 258 1211 Augusti
271 1161 325 1195 non
337 1162 491 1211 responsura
502 1149 618 1199 lacertis.

15 1233 88 1283 unde
101 1234 179 1283 simul
191 1235 305 1298 primum
318 1249 359 1284 me
372 1235 491 1286 dimisere
503 1236 633 1301 Philippi,

16 1321 112 1372 decisis
124 1323 249 1372 humilem
262 1325 352 1387 pennis
366 1323 522 1388 inopemque
534 1326 635 1389 paterni

16 1420 43 1462 et
56 1411 118 1461 laris
130 1419 155 1461 et
167 1411 241 1460 fundi
254 1420 392 1476 paupertas
404 1414 500 1477 inpulit
512 1415 599 1463 audax

15 1508 46 1549 ut
58 1515 146 1549 versus
159 1500 285 1550 facerem:
307 1501 350 1551 sed
362 1502 432 1564 quod
445 1517 498 1551 non
510 1503 575 1553 desit
587 1503 725 1553 habentem

17 1603 86 1652 quae
98 1595 220 1652 poterunt
233 1604 357 1652 umquam
368 1591 431 1640 satis
443 1606 589 1654 expurgare
600 1591 715 1652 cicutae,

16 1677 45 1726 ni
59 1675 151 1726 melius
163 1677 275 1727 dormire
286 1685 374 1741 putem
387 1693 465 1740 quam
478 1679 589 1729 scribere
601 1679 705 1729 versus?

16 1764 119 1829 singula
131 1765 163 1815 de
176 1765 251 1816 nobis
263 1767 324 1816 anui
337 1766 493 1830 praedantur
505 1773 608 1825 euntes3

15 1853 134 1916 eripuere
146 1853 232 1915 iocos,
247 1853 391 1914 Venerem,
406 1855 540 1916 convivia,
554 1840 659 1914 ludum3

13 1941 125 1990 tendunt
137 1950 290 2003 extorquere
303 1951 438 2005 poemata:
460 1943 522 2005 quid
535 1942 632 1991 faciam
644 1942 699 1991 visi

14 2029 127 2092 denique
139 2043 192 2079 non
205 2043 294 2080 omnes
307 2031 397 2081 eadem
409 2031 536 2081 mirantur
548 2037 701 2091 amantque:

13 2117 130 2167 carmine
143 2125 171 2166 tu
183 2118 293 2182 gaudes,
308 2119 351 2169 hic
364 2118 506 2170 delectatur
518 2118 624 2179 iambis,

12 2206 59 2256 ille
71 2205 177 2256 Bioneis
189 2208 348 2257 sermonibus
361 2215 387 2256 et
397 2209 450 2257 sale
462 2209 548 2270 nigro.

12 2303 65 2344 tres
79 2293 144 2342 mibi
157 2295 280 2344 convivae
293 2309 373 2359 prope
386 2295 519 2346 dissentire
531 2295 665 2357 videntur,

10 2389 149 2447 poscentes
160 2382 233 2431 sario
246 2383 359 2432 multum
370 2384 470 2434 diversa
482 2383 583 2447 palato.

11 2470 77 2534 quid
91 2469 166 2520 dem?
184 2470 247 2533 quid
260 2471 403 2521 condem?
420 2472 506 2521 renuis
519 2473 589 2536 quod
602 2480 647 2531 tu,
662 2470 732 2520 iubet

386 2559 465 2621 alter3

10 2650 84 2715 quod
97 2648 178 2712 petis,
193 2647 220 2695 id
233 2662 294 2696 sane
307 2656 343 2697 est
355 2647 467 2696 inrisum
480 2649 634 2711 acidumque
647 2646 759 2696 duobus.

566 2733 615 2774 ur*
