1770 2984
356 367 450 409 mnan
465 368 502 408 11.
754 372 804 421 245

55 531 144 579 invisis
157 530 275 578 foribus?
289 521 299 540 ‘
309 546 342 579 ne
354 546 438 592 nunc,
454 546 513 581 eum
526 547 567 584 mc
580 539 655 582 vocat
668 531 753 592 ultro,

56 618 199 668 accedam?
218 634 252 666 an
265 619 352 682 potius
365 620 473 668 mediter
485 619 560 671 finire
574 621 693 671 dolores?

58 706 180 765 exclusit3
201 713 319 756 revocat.
346 707 468 756 redeam?
488 723 555 769 non,
571 711 593 758 si
607 702 745 761 obsecret.’
771 723 829 759 ecce

10 801 43 840 35
59 810 145 844 servus
159 808 211 842 non
224 795 312 858 paullo
325 795 480 858 sapientior:
500 797 532 845 ‘o
545 813 601 859 ere,
616 813 735 860 quaeres

57 897 106 932 nec
118 884 224 931 modum
235 884 312 932 habet
325 898 409 946 neque
423 885 578 945 consilium,
594 886 694 935 ratione
708 885 837 947 modoque

57 971 164 1020 tractari
176 986 229 1019 non
242 972 309 1020 volt.
337 973 365 1020 in
378 986 466 1020 amore
479 972 543 1020 haec
557 979 616 1021 sunt
628 973 714 1035 mala,
730 973 840 1034 bellum,

58 1075 111 1123 pax
124 1075 239 1109 rursum:
261 1061 325 1109 haee
337 1060 417 1122 siquis
429 1061 588 1124 tempestatis
601 1076 681 1125 prope
694 1062 745 1112 ritu

59 1148 168 1196 mobilia
181 1155 206 1197 et
218 1163 296 1198 caeca
308 1147 438 1197 fluitantia
451 1156 518 1198 sorte
531 1150 631 1200 laboret

10 1245 45 1284 'to
61 1237 166 1286 reddere
179 1244 248 1286 certa
261 1236 323 1296 sibi,
337 1236 421 1285 nihilo
435 1237 493 1300 plus
506 1238 617 1301 explicet
631 1239 695 1288 acsi

61 1326 173 1375 insanire
186 1331 259 1389 paret
273 1332 341 1374 certa
353 1326 454 1374 ratione
467 1326 596 1388 modoque
604 1317 621 1373 .’

61 1413 142 1475 quid?
162 1429 220 1461 cum
233 1411 335 1462 Picenis
349 1427 488 1477 excerpens
501 1415 599 1464 semina
613 1415 696 1479 pomis

61 1502 173 1563 gaudes,
189 1501 210 1549 si
223 1515 352 1549 cameram
364 1502 475 1563 percusti
489 1503 571 1563 forte,
586 1519 663 1567 penes
675 1503 738 1553 te’s?

63 1588 143 1652 quid?
162 1603 221 1637 cum
235 1588 311 1637 balba
324 1589 385 1639 ieris
397 1605 495 1640 annoso
508 1592 585 1641 verba
597 1593 701 1655 palato,

10 1686 47 1725 :ro
64 1676 217 1725 aedificante
230 1691 302 1726 casas
314 1679 359 1740 qui
371 1678 477 1728 sanior?
495 1681 561 1729 adde
574 1696 691 1730 cruorem

62 1765 201 1825 stultitiae,
216 1772 293 1827 atque
306 1767 393 1830 ignem
406 1767 493 1831 gladio
507 1777 619 1818 scrutare
632 1771 726 1828 modo3
748 1769 775 1816 in
785 1782 863 1830 quem

63 1853 172 1902 Hellade
185 1867 307 1916 percussa
319 1853 418 1903 Marius
430 1870 490 1903 cum
503 1857 657 1918 praecipitat
669 1872 695 1905 se

65 1943 173 1991 cerritus
187 1941 252 2003 fuit,
268 1956 301 1988 an
315 1950 453 1991 conmotae
466 1942 574 1992 erimine
586 1944 680 1992 mentis

66 2030 182 2078 absolves
195 2030 344 2092 hominem,
360 2038 385 2079 et
397 2030 498 2080 sceleris
511 2031 646 2080 damnabis
660 2031 784 2088 eundem,

10 2130 49 2170 280
65 2134 98 2167 ex
112 2132 183 2166 more
195 2119 322 2182 inponens
335 2126 447 2180 cognata
460 2119 586 2167 vocabula
599 2118 689 2168 rebus?

65 2207 200 2255 libertinus
213 2214 282 2266 erat,
298 2206 344 2269 qui
358 2207 454 2255 circum
467 2207 582 2271 compita
594 2207 676 2255 siccus

65 2295 143 2343 lautis
158 2309 234 2343 mane
246 2309 325 2343 senex
337 2296 455 2344 manibus
468 2296 587 2345 currebat
599 2303 623 2345 et
635 2295 731 2343 ‘unum

67 2383 141 2447 (quid
155 2391 208 2432 tam
222 2375 376 2446 magnuml'
395 2381 501 2448 addens)
515 2384 611 2432 ‘unum
620 2381 862 2447 mesurpitemorti:

67 2473 106 2520 dis
119 2472 214 2520 etenim
229 2471 306 2520 facile
319 2462 371 2520 est’
383 2471 488 2531 orabat3
510 2487 587 2521 sanus
598 2473 712 2535 utrisque

10 2569 53 2610 aet
68 2560 174 2608 auribus
187 2568 265 2622 atque
278 2560 374 2608 oculis:
395 2567 525 2621 mentem,
540 2560 589 2610 nisi
601 2561 741 2624 litigiosus,

10 2676 14 2708 ‚1
69 2649 200 2712 exciperet
212 2648 344 2710 dominus,
365 2664 423 2698 cum
435 2649 567 2698 venderet.
598 2649 649 2697 hoc
662 2663 765 2712 quoque
777 2646 868 2710 volgus

70 2735 230 2800 Chrysippus
242 2736 316 2800 ponit
329 2736 440 2786 fecunda
452 2738 480 2786 in
492 2745 568 2801 gente
580 2736 699 2788 Meneni.

69 2825 204 2890 ‘luppiter
212 2861 218 2886 ,
235 2824 345 2890 ingentis
358 2826 402 2888 qui
416 2825 461 2874 das
474 2825 616 2887 adimisque
629 2824 744 2873 dolores²
