1770 2984
392 313 484 355 uranu
494 315 532 354 11.
788 319 838 365 255

46 490 76 528 oo
93 490 117 530 et
130 490 227 529 certum
239 479 363 544 vigilans,
380 477 493 539 Quartae
505 485 559 526 esto
572 476 653 540 partis
666 476 770 536 Ulixes,

91 568 204 616 audieris
213 602 219 628 ,
229 568 322 628 heres,
337 568 411 632 ‘ergo
424 582 493 615 nuno
506 566 591 615 Dama
603 565 698 615 sodalis

91 671 219 718 nusquam
233 656 287 706 est?
300 658 368 706 unde
380 656 446 704 mihi
458 663 512 704 tam
525 655 619 704 fortem
631 663 737 719 tamque
749 655 881 705 fidelem?²

90 759 180 808 sparge
192 745 316 806 subinde,
332 752 357 794 et
369 745 390 794 si
403 744 522 807 paullum
535 754 608 808 potes
620 745 800 805 inlacrimare,
815 753 851 794 est

90 834 186 897 gaudia
198 833 351 896 prodentem
363 833 462 882 voltum
474 833 570 883 celare.
598 832 743 895 sepulerum

49 933 75 970 ou
91 922 244 986 permissum
257 922 364 971 arbitrio
377 921 433 970 sine
444 919 561 970 sordibus
573 929 689 971 exstrue:
704 921 781 971 funus

91 1012 190 1076 egregie
202 1011 301 1060 factum
312 1010 400 1059 laudet
411 1009 522 1059 ricinia.
547 1011 627 1073 siquis

91 1102 157 1150 sorte
170 1101 325 1150 coheredum
338 1098 424 1148 senior
436 1098 503 1147 male
516 1101 617 1159 tussiet,
632 1100 692 1149 huie
705 1110 733 1150 tn

91 1191 149 1249 dio,
165 1204 197 1238 ex
210 1198 281 1252 parte
294 1195 340 1236 tua
352 1203 397 1237 seu
409 1188 484 1236 fundi
497 1188 549 1238 sive
562 1189 653 1238 domus
666 1190 699 1238 sit

91 1286 205 1342 emptor,
221 1278 377 1341 gaudentem
389 1290 496 1324 nummo
508 1283 534 1327 te
547 1277 678 1327 addicere.
700 1280 744 1327 sed
757 1293 797 1327 me

49 1377 78 1414 ro
93 1367 231 1430 imperiosa
243 1366 323 1415 trahit
336 1365 505 1428 Proserpina:
520 1366 577 1415 vive
590 1365 696 1428 valeque
706 1358 723 1414 .'

441 1702 490 1756 VI.

93 1881 150 1929 Hoc
163 1888 217 1930 erat
229 1881 256 1929 in
266 1881 348 1930 votis:
363 1880 455 1929 modus
467 1879 523 1945 agri
535 1895 587 1929 non
599 1880 638 1928 ita
651 1895 774 1947 magnus,

93 1971 183 2018 hortus
195 1969 241 2019 ubi
253 1977 278 2020 et
290 1977 358 2019 teoto
372 1969 470 2018 vicinus
482 1969 550 2033 iugis
562 1983 646 2030 aquae
658 1968 717 2019 fons

93 2067 118 2108 et
131 2058 246 2122 paullum
258 2059 336 2108 silvae
348 2071 423 2121 super
435 2056 476 2106 his
489 2057 570 2107 foret.
598 2057 699 2106 auctius
711 2065 788 2119 atque

94 2148 120 2195 di
134 2146 225 2196 melius
238 2147 334 2199 fecere.
361 2147 426 2196 bene
440 2154 491 2196 est.
518 2146 556 2195 nil
569 2145 679 2209 amplius
690 2159 751 2206 oro,

54 2238 66 2277 5
95 2237 168 2286 Maia
179 2244 255 2296 nate,
268 2235 319 2284 nisi
332 2240 361 2283 ut
372 2235 478 2298 propria
489 2234 554 2282 haee
567 2234 632 2283 mihi
644 2247 752 2283 munera
764 2233 845 2283 faxis.

93 2329 114 2377 si
127 2339 210 2388 neque
223 2325 346 2374 maiorem
359 2323 410 2371 feei
422 2323 523 2371 ratione
536 2322 605 2371 mala
616 2337 670 2371 ram

93 2430 140 2464 nee
152 2430 209 2463 sum
222 2413 335 2463 facturus
347 2412 409 2462 vitio
423 2411 529 2475 culpave
542 2410 686 2470 minorem,

94 2505 114 2553 si
127 2517 234 2552 veneror
246 2502 338 2550 stultus
349 2500 415 2550 nihil
427 2499 536 2560 horum,
552 2500 581 2548 ‘o
593 2500 615 2549 si
628 2499 738 2564 angulus
750 2500 794 2549 ille

94 2592 228 2657 proximus
241 2591 357 2651 accedat,
372 2590 416 2652 qui
428 2604 498 2639 nuno
511 2589 647 2638 denormat
659 2588 787 2652 agellumi

46 2691 67 2730 ιο
96 2696 111 2729 o
125 2682 146 2729 si
159 2694 251 2728 urnam
264 2678 363 2744 argenti
376 2678 431 2728 fors
443 2691 509 2740 quae
521 2676 587 2726 mihi
599 2685 737 2749 monstret,
753 2683 781 2724 ut
793 2675 846 2735 illi,

95 2769 217 2819 thesauro
230 2768 335 2816 invento
348 2767 393 2831 qui
406 2765 598 2816 mercennarius
610 2780 701 2828 agrum
