1784 3000
373 190 468 230 LIBER
482 191 505 230 1.
760 197 811 246 223

64 354 181 415 turgidus
193 353 304 414 Alpinus
318 352 419 417 iugulat
432 354 493 400 dum
508 354 648 403 Memnona
661 355 772 416 dumque

64 441 170 503 delingit
182 441 267 489 Rheni
280 441 378 489 luteum
391 448 485 503 eaput,
499 441 564 491 haec
577 457 624 507 ego
637 442 714 503 ludo,

64 543 129 590 quae
142 543 226 590 neque
239 529 267 576 in
280 530 342 578 aede
354 537 445 578 sonent
457 531 580 579 certantia
593 530 677 579 iudice
690 531 777 594 Tarpa

63 631 111 665 nec
124 618 229 665 redeant
241 617 335 665 iterum
347 624 425 678 atque
437 618 530 666 iterum
543 619 682 681 spectanda
694 619 816 669 theatris.

10 712 35 749 40
64 714 156 768 arguta
169 706 301 754 meretrice
314 713 387 767 potes
400 705 525 767 Davoque
538 704 675 755 Chremeta

64 792 181 841 eludente
194 808 279 842 senem
292 793 373 842 comis
387 794 485 857 garrire·
494 793 594 842 libellos

63 895 129 929 unus
142 881 273 941 vivorum,
288 883 421 942 Fundani3
437 881 512 930 Polio
525 896 615 944 regum

63 970 134 1018 facta
146 969 217 1018 canit
228 970 292 1032 pede
305 977 343 1018 ter
355 984 490 1032 percuss03
505 970 571 1019 forte
584 984 646 1033 epos
660 984 718 1019 acer

63 1066 92 1106 ut
103 1071 179 1106 nemo
193 1057 288 1105 Varius
302 1058 386 1117 ducit3
402 1059 479 1108 molle
492 1065 569 1120 atquc
581 1058 694 1107 facetum

11 1151 35 1188 tt
63 1145 180 1209 Vergilio
193 1146 339 1194 adnuerunt
351 1147 491 1208 gaudentes
505 1161 563 1194 rure
576 1159 713 1194 camenae:

62 1235 114 1282 hoc
127 1241 197 1294 erat,
214 1242 319 1296 experto
333 1233 427 1282 frustra
440 1233 557 1282 Varrone
569 1232 682 1281 Atacino

65 1333 142 1384 atque
155 1322 308 1384 quibusdam
321 1321 378 1370 aliis
391 1322 483 1371 melius
497 1323 566 1384 quod
578 1320 688 1369 scribere
700 1334 819 1382 possem,

62 1412 196 1460 inventore
209 1411 309 1469 minor3
324 1425 408 1473 neque
420 1425 469 1474 ego
482 1410 521 1459 illi
534 1409 667 1458 detrahere
680 1409 763 1458 ausim

62 1499 211 1548 haerentem
224 1499 304 1562 capiti
317 1515 376 1548 cum
388 1500 472 1548 multa
483 1499 559 1548 laude
573 1512 709 1547 coronam.

10 1587 35 1628 5⁰
63 1596 90 1637 at
103 1587 158 1634 dixi
170 1586 248 1635 fluere
260 1588 329 1635 hunc
340 1587 511 1647 lutulentum,
527 1601 602 1649 saepe
614 1585 739 1635 ferentem

62 1675 137 1737 plura
151 1675 255 1736 quidem
267 1675 382 1723 tollenda
394 1675 581 1737 relinquendis.
611 1688 673 1736 age,
689 1688 802 1736 quaeso,

61 1771 90 1811 tu
103 1761 170 1810 nihil
183 1763 210 1810 in
222 1776 318 1824 magno
332 1762 422 1810 doctus
434 1762 565 1824 reprendis
577 1759 710 1810 Homero?

62 1851 99 1898 nil
112 1850 193 1898 comis
205 1850 297 1913 tragici
310 1857 394 1898 mutat
406 1848 520 1897 Lucilius
532 1847 613 1908 Acci,

62 1952 115 1986 non
129 1938 194 1987 ridet
207 1952 292 1987 versus
304 1938 372 1986 Enni
385 1937 511 1999 gravitate
524 1937 650 1995 minores,

10 2032 33 2072 st
63 2041 122 2074 cnm
136 2026 167 2074 de
179 2039 205 2073 se
215 2025 330 2087 loquitur
343 2039 397 2073 non
409 2032 437 2072 ut
450 2024 549 2073 maiora
560 2021 706 2086 reprensis?

63 2113 124 2177 quid
137 2120 206 2163 vetat
219 2122 244 2162 et
257 2121 357 2162 uosmet
368 2112 454 2162 Lucili
467 2112 562 2175 scripta
574 2111 682 2175 legentis

63 2217 184 2265 quaerere
197 2201 357 2262 numidius,
371 2217 434 2250 num
447 2215 532 2250 rerum
545 2201 610 2248 dura
621 2199 722 2263 negarit

62 2290 200 2339 versiculos
213 2299 306 2339 natura
318 2290 400 2354 magis
413 2290 495 2338 factos
508 2296 533 2339 et
545 2289 628 2338 euntis

62 2379 164 2427 mollius
177 2393 208 2426 ac
220 2379 300 2440 siquis
312 2377 422 2442 pedibus
435 2378 497 2440 quid
510 2377 629 2427 claudere
642 2377 724 2438 senis,

10 2477 33 2515 io
62 2468 112 2515 hoc
125 2475 226 2515 tantum
240 2473 388 2527 contentus,
404 2473 474 2517 amet
484 2466 615 2529 scripsisse
627 2465 749 2515 ducentos

63 2564 122 2604 ante
135 2554 223 2603 eibum
235 2569 337 2616 versus,
352 2556 461 2605 totidem
473 2562 594 2615 cenatus,
608 2553 712 2603 Etrusci

60 2643 135 2702 quale
146 2643 198 2691 fuit
210 2642 283 2694 Cassi
296 2645 389 2711 rapido
405 2644 553 2698 ferventius
566 2643 645 2693 amah
