1784 3000
404 190 497 230 meaa
513 189 537 229 1.
811 195 843 242 13

90 356 200 405 Tiburis
212 354 308 403 umbra
320 353 371 404 tui.
399 354 496 402 Teucer
509 351 642 402 Salamina
653 359 803 416 patremque

89 460 151 494 eum
164 443 285 507 fugeret,
301 449 389 490 tamen
399 441 452 498 uda
464 440 552 504 Lyaeo

89 541 212 596 tempora
225 530 338 595 populea
350 529 433 578 fertur
444 529 556 578 vinxisse
569 543 680 587 corona,

89 621 126 670 ric
139 620 222 669 tristis
234 618 339 668 adfatus
353 617 462 666 amicos:

44 769 65 810 aa
90 754 154 824 ‘quo
167 773 216 808 nos
230 772 340 821 cumque
354 758 418 808 feret
430 758 523 807 melior
535 758 641 808 fortuna
653 767 771 821 parente,

89 849 204 908 ibimus,
220 861 236 895 0
248 847 314 896 socii
325 847 497 910 comitesque.
542 860 543 863 ¹

89 936 128 984 nil
141 935 333 999 desperandum
347 935 447 984 Teucro
462 935 526 984 duee
538 943 564 985 et
575 935 679 999 auspice
693 937 806 985 Teucro:

89 1033 177 1074 certus
189 1023 259 1072 enim
272 1023 391 1086 promisit
402 1022 499 1087 Apollo

90 1164 244 1227 ambiguam
257 1162 348 1212 tellure
361 1178 429 1212 nova
441 1163 574 1214 Salamina
586 1163 716 1213 futuram.

43 1262 64 1302 ιο
90 1252 203 1301 oforcee
219 1251 362 1314 peioraque
374 1253 441 1314 paesi

90 1354 197 1390 mecum
210 1353 287 1402 saepe
299 1340 362 1401 viri,
376 1355 445 1390 nunc
458 1340 520 1389 vinc
533 1339 621 1403 pellite
634 1355 720 1390 curas:

90 1443 148 1477 cras
160 1423 254 1492 ingens
266 1427 417 1478 iterabimus
425 1443 522 1491 aequor
528 1429 544 1478 ,³

391 1606 550 1613 ——-

434 1797 512 1851 VIII.

90 1973 193 2040 Lydia,
210 1973 267 2033 dic,
282 1987 328 2037 per
342 1974 424 2023 omnis

91 2071 116 2112 te
130 2063 194 2111 deos
208 2075 270 2122 oro,
287 2060 396 2126 Sybarin
409 2077 454 2112 cur
466 2077 586 2127 properes
599 2063 711 2112 amando

91 2151 215 2215 perdere,
231 2164 277 2198 cur
292 2151 408 2213 apricum

92 2239 176 2287 oderit
189 2252 326 2300 campum,
341 2239 441 2301 patiens
453 2237 564 2302 pulveris
577 2247 655 2303 atque
667 2241 741 2292 solis.

56 2387 67 2426 a
94 2392 237 2441 carneque
251 2377 372 2427 militaris

91 2466 158 2517 iuter
171 2465 288 2529 aequalis
301 2466 412 2528 equitat,
429 2465 529 2516 Gallica
542 2482 590 2518 nec
603 2468 697 2533 lupatis

91 2562 218 2618 temperat
231 2569 278 2603 ora
291 2552 389 2602 frenis?

92 2657 137 2692 cur
150 2643 224 2691 timet
233 2641 326 2690 aarum
343 2642 459 2694 Tiberim
474 2646 603 2713 tangere?
625 2662 670 2699 cur
686 2647 788 2698 ubuum
