1770 2984
275 201 369 244 mssa
384 204 420 242 11.
670 207 721 253 3⁶29

57 365 124 415 ferar
136 380 232 427 magna
245 382 277 415 an
290 381 381 429 parva,
398 364 466 414 ferar
479 380 544 412 unus
557 373 581 412 et
594 364 676 411 idem.

47 455 143 518 egimus
155 455 260 505 tumidis
272 454 334 505 velis
347 454 467 519 aquilone
481 452 592 502 secundo
605 487 611 510 ‚

47 557 126 591 umen
140 543 252 593 adversis
265 551 375 593 aetatem
388 543 504 591 ducimus
518 541 624 599 austris,

47 645 87 691 ss,
102 631 220 695 ingenio,
236 631 336 694 specie,
351 631 460 690 virtute,
474 629 547 690 loco,
563 644 589 676 re

47 719 84 768 mi
95 720 254 782 primorum,
272 720 393 770 extremis
407 731 488 781 usque
501 717 611 779 piicres.

47 823 69 857 ss
82 822 189 856 svarusz
211 809 269 858 abi.
297 808 359 871 quid
372 816 467 867 cetera,
481 806 534 854 iam
547 803 622 853 simul
636 805 684 852 isto

47 896 109 944 vitio
122 895 229 962 fugere?
248 905 318 947 caret
330 895 376 947 tibi
391 903 480 959 pectus
492 894 565 942 inani

46 985 135 1034 tione?
153 993 224 1034 caret
237 985 327 1035 mortis
339 984 477 1034 formidine
490 991 515 1032 et
526 983 584 1030 ira?

47 1073 89 1136 is,
102 1081 211 1123 terrores
224 1075 354 1138 magicos,
369 1072 509 1132 miracula,
524 1085 610 1133 seges,

46 1175 114 1211 unos
127 1163 236 1212 lemures
249 1168 419 1226 portentaque
432 1158 556 1209 Thessala
569 1160 653 1208 rides?

46 1250 68 1299 is
80 1258 152 1315 grate
164 1250 304 1300 numeras?
321 1250 434 1314 ignoscis
446 1247 554 1297 amicis?

46 1354 55 1386 r
68 1345 93 1388 et
105 1338 197 1387 melior
208 1339 238 1387 fis
250 1339 387 1389 accedente
399 1336 518 1387 senecta?

48 1435 73 1475 te
87 1435 207 1491 exempta
220 1427 287 1477 levet
300 1428 380 1492 spinis
393 1426 425 1476 de
437 1425 554 1490 pluribus
566 1425 636 1473 une?

46 1529 56 1563 s
68 1515 89 1564 si
102 1523 170 1565 recte
182 1517 279 1578 nescis,
295 1517 387 1566 decede
400 1516 503 1580 peritis.

46 1602 54 1650 i
67 1604 144 1664 setis,
161 1604 234 1655 edisti
248 1605 308 1654 satis
321 1613 397 1667 atque
410 1603 512 1653 bibisti:

45 1705 73 1739 us
87 1691 158 1742 abire
170 1692 218 1743 tibi
231 1701 283 1753 est,
298 1708 331 1743 ne
343 1701 434 1756 potum
446 1690 544 1752 largius
557 1703 640 1752 ecquo

46 1787 55 1826 t
70 1788 94 1828 et
106 1781 188 1842 pulset
200 1780 296 1831 lesciva
309 1781 439 1831 decentius
454 1787 538 1829 aetas.
