1784 3000
367 184 460 224 meme
476 186 499 224 1.

58 347 214 409 gaudentem
227 347 361 409 parvisque
374 346 502 395 sodalibus
515 355 540 397 et
551 348 605 396 lare
618 356 687 396 certo

59 445 83 484 et
96 433 164 484 ludis
178 444 202 483 et
214 443 273 498 pest
285 435 371 484 decise
384 436 488 499 negotia
503 451 609 499 eampo·

10 537 30 574 to
58 524 158 572 ‘seitsri
171 522 234 572 libet
247 538 280 572 ex
293 523 349 586 ipso
364 524 545 586 quodcumque
558 524 651 574 refers:
674 525 715 572 die

58 612 90 660 ad
105 626 197 661 cenem
208 611 295 661 veniat
304 612 322 660 .'
345 625 398 661 non
410 626 471 661 sane
484 613 585 662 eredere
598 612 692 669 Mena,

58 701 146 748 mirari
159 714 246 749 seeum
258 700 365 748 tacitus.
394 700 457 763 quid
470 700 571 750 multa?
595 692 733 763 ‘benigue'

57 788 210 852 respondet.
236 781 329 849 ‘neget
340 787 384 837 ille
397 787 461 836 mihi
468 787 493 835 ?'’
511 788 602 851 ‘neget
613 787 736 850 inprobus
748 796 772 836 et
779 795 804 838 te

57 876 170 941 neglegit
183 876 328 924 eut-horret
336 866 352 925 .’
377 875 509 925 Volteium
521 890 597 924 mane
610 875 748 938 Philippus

10 976 30 1014 35
58 964 121 1013 vilia
133 964 283 1014 vendentem
296 964 413 1012 tunicato
425 971 511 1012 scruta
523 963 628 1027 popello

58 1060 170 1116 occupet
183 1061 207 1101 et
219 1053 316 1101 salvere
329 1051 400 1100 iubet
412 1053 498 1114 prior.
525 1052 569 1101 ille
582 1052 704 1115 Philippo

58 1155 182 1190 excusare
195 1140 311 1188 leborem
324 1147 349 1188 et
362 1140 537 1188 mercennaria
549 1140 649 1200 vinela,

59 1230 129 1292 quod
141 1243 193 1278 non
207 1242 283 1277 mene
296 1228 402 1276 domum
414 1228 538 1287 venisset,
553 1228 664 1291 denique
677 1229 806 1290 quodnon

58 1317 212 1382 providisset
225 1332 297 1366 eum.
325 1297 516 1380 ‘sic'ignovisse
528 1323 618 1379 putato

10 1416 31 1455 to
59 1421 99 1455 me
113 1405 176 1464 tibi,
198 1407 219 1454 si
232 1419 307 1454 cenes
320 1404 397 1454 hodie
411 1418 512 1453 meeum
522 1402 539 1455 ,³
565 1398 610 1453 ‘ut
621 1404 707 1453 libet.³
730 1404 805 1468 ‘ergo

57 1502 115 1558 post
128 1508 225 1542 nonem
237 1494 339 1542 venies:
360 1508 429 1542 nune
441 1493 466 1554 i,
481 1508 534 1542 rem
547 1501 662 1542 strenuus
675 1486 765 1555 auge.>

57 1591 86 1631 ut
98 1591 203 1631 ventum
216 1582 248 1630 ed
261 1597 352 1631 cenam
366 1588 419 1641 est,
434 1582 542 1630 dicende
555 1581 663 1630 terenda
675 1582 776 1630 loeutus

58 1670 164 1720 tandem
177 1670 318 1718 dormitum
331 1670 485 1721 dimittitur.
512 1669 554 1718 hie
567 1669 612 1717 ubi
624 1684 699 1731 saepe

59 1757 190 1808 occultum
203 1758 270 1807 visus
284 1758 417 1807 decurrere
429 1758 508 1822 piseis
522 1758 554 1807 ed
568 1757 689 1815 hemum,

60 1861 137 1895 mene
150 1846 229 1895 eliens
242 1853 266 1894 et
279 1847 332 1894 iem
345 1855 429 1896 certus
441 1847 564 1900 convive,
580 1845 682 1894 iubetur

58 1950 120 1984 rure
132 1934 278 1983 suburbana
290 1934 394 1983 indietis
406 1948 492 1982 eomes
504 1934 541 1982 ire
554 1933 669 1984 Latinis.

58 2024 186 2086 inpositus
199 2023 301 2071 mannis
313 2037 403 2071 ervum
416 2022 568 2085 caelumque
581 2020 708 2070 Sabinum

59 2126 114 2160 non
127 2118 208 2160 cesset
220 2111 342 2162 laudare.
368 2111 438 2159 videt
450 2110 567 2171 ridetque
580 2108 730 2172 Philippus,

60 2206 85 2249 et
97 2198 147 2248 sibi
160 2198 221 2246 dum
234 2199 362 2260 requiem,
378 2199 440 2246 dum
452 2199 516 2247 risus
528 2197 641 2259 undique
655 2198 770 2259 quaerit,

61 2288 124 2336 dum
137 2292 234 2349 septem
248 2285 327 2335 donet
339 2287 468 2345 sestertia,
484 2294 574 2334 mutus
586 2293 683 2349 septem

60 2374 204 2439 promittit,
219 2374 356 2436 persuadet
369 2374 406 2422 uti
421 2382 547 2424 mercetur
560 2374 687 2438 agellum.

60 2451 205 2512 mercetur.
234 2476 266 2510 ne
280 2468 304 2511 te
316 2461 400 2526 longis
412 2462 564 2527 ambagibus
577 2462 644 2511 ultre

61 2566 140 2615 quem
153 2551 214 2599 satis
227 2557 263 2598 est
276 2563 375 2610 morer,
390 2563 423 2598 ex
435 2549 518 2599 nitido
532 2551 559 2599 fit
571 2551 679 2600 rusticus
691 2555 769 2608 etque

60 2639 145 2689 sulcos
158 2647 184 2688 et
198 2639 282 2687 vineta
295 2645 385 2703 erepat
397 2652 488 2703 mere,
501 2647 647 2704 preepurut
655 2635 766 2685 ffimffix
