1770 2984
141 182 174 229 3ss
436 170 600 214 CARMINUM

142 338 203 386 dant
216 336 282 385 alios
295 335 377 386 furiae
390 344 463 385 torvo
477 333 622 398 spectacula
634 331 732 393 Marti3

143 425 223 473 exitio
236 431 272 474 est
285 425 391 473 andum
403 438 474 472 mare
487 422 588 480 nautis3

142 514 226 561 mixta
238 527 327 561 senum
340 528 371 561 ac
383 513 505 560 iuvenum
517 511 654 559 densentur
665 507 781 572 funera,
798 509 879 560 nullu

89 610 114 648 ao
143 615 218 650 saeva
230 607 308 663 caput
319 601 473 663 Proserpina
487 598 565 661 fugit.

143 755 184 789 me
197 755 300 803 quoque
314 741 405 790 devexi
418 740 522 804 rapidus
535 754 619 789 comes
630 737 737 788 Orionis

142 829 251 893 Illyricis
264 836 340 878 notus
354 829 440 879 obruit
451 829 541 880 undis.

143 927 169 966 at
182 925 223 979 tu,
238 925 332 979 nauta,
347 932 429 982 vagae
441 932 473 966 ne
486 931 562 980 parce
575 915 703 978 malignus
716 929 818 967 arenae

143 1007 242 1055 ossibus
255 1013 280 1056 et
292 1007 370 1069 capiti
383 1006 518 1054 inhumato

91 1156 116 1194 aa
144 1146 299 1209 particulam
311 1148 387 1197 dare:
402 1148 452 1209 sic,
467 1147 649 1210 quodcumque
660 1143 812 1197 minabitur
824 1160 879 1197 eun

144 1234 263 1284 fluctibus
276 1235 421 1300 Hesperiis,
436 1235 585 1286 Venusinae

144 1323 289 1385 plectantur
301 1324 380 1376 silvae
392 1333 418 1375 te
429 1325 540 1388 sospite,
555 1321 688 1386 multaque
700 1334 804 1376 merces

144 1412 212 1461 unde
225 1419 308 1475 potest
320 1411 368 1461 tibi
381 1412 476 1462 defluat
490 1425 572 1474 aequo

145 1552 178 1599 nb
190 1551 252 1600 Iove
264 1551 437 1616 Neptunoque
449 1554 515 1603 sacri
528 1555 632 1603 custode
644 1552 771 1605 Tarenti.

92 1647 118 1686 te
145 1639 259 1703 neglegis
271 1640 397 1690 inmeritis
409 1641 554 1691 nocituram

146 1728 284 1790 postmodo
297 1735 322 1778 te
334 1729 402 1779 natis
413 1729 531 1780 fraudem
544 1729 723 1781 committere?
742 1730 802 1784 fors
815 1743 845 1786 et

147 1815 233 1864 debite
245 1816 302 1866 iura
314 1817 431 1880 vicesque
443 1821 566 1882 superbae

147 1963 172 2004 te
185 1967 308 2008 maneant
320 1959 418 2022 ipsum:
440 1962 558 2025 precibus
570 1974 622 2011 non
635 1961 737 2023 linquar
750 1961 864 2029 inultis,

147 2051 224 2105 teque
236 2047 340 2109 piacula
351 2048 424 2098 nulla
436 2050 576 2102 resolvent.

96 2140 120 2178 at
150 2146 307 2194 quamquam
319 2136 438 2199 festinas,
454 2152 507 2187 non
520 2148 557 2188 est
569 2152 642 2188 mora
654 2138 748 2203 longa3
774 2141 872 2195 licebit

148 2218 244 2268 iniecto
258 2229 295 2270 ter
307 2223 412 2287 pulvere
425 2241 526 2279 curras.
