1770 2984
124 181 174 230 306
390 174 606 218 ur1suuuuuuu

123 340 236 388 fallimur
249 348 274 389 et
286 339 419 401 quondam
431 352 484 388 non
497 339 604 401 dignum
617 341 763 392 tradimus:
783 355 835 406 ergo

123 443 200 491 quem
212 444 259 477 sua
271 428 349 491 culpa
363 435 476 492 premet,
492 427 614 490 deceptus
628 429 724 479 omitte
737 431 815 491 tueri,

83 531 109 568 to
123 529 151 566 ut
163 518 264 579 penitus
275 526 368 566 notum
380 518 402 565 si
415 524 539 579 temptent
551 517 678 578 crimina,
693 533 779 569 serves

122 607 262 668 tuterisque
274 613 320 654 tuo
333 605 453 654 fidentem
465 605 609 667 praesidio:
632 607 679 668 qui

123 697 197 745 dente
211 695 348 744 Theonino
362 709 422 742 cum
434 693 648 755 circumditur,
664 697 761 758 ecquid

123 785 155 832 ad
168 793 192 833 te
205 791 263 847 post
276 783 363 846 paullo
376 791 484 832 ventura
496 781 611 846 pericula
623 783 725 832 sentis?

122 888 183 921 nam
196 879 242 920 tua
253 886 294 920 res
307 872 407 935 agitur,
422 871 506 934 paries
518 885 578 920 cum
590 871 730 933 proximus
743 858 830 936 ardet,

81 972 106 1010 aa
121 970 146 1010 et
158 959 274 1024 neglecta
287 959 370 1008 solent
382 959 502 1008 incendia
515 973 615 1008 sumere
627 960 705 1008 viris.

121 1050 202 1098 dulcis
216 1048 357 1111 inexpertis
369 1049 469 1096 cultura
481 1047 593 1111 potentis
606 1047 699 1096 amici:

121 1148 243 1202 expertus
256 1137 364 1186 metuit.
390 1144 435 1197 tu,
451 1137 512 1185 dum
524 1143 570 1184 tua
583 1136 656 1184 navis
669 1137 698 1184 in
712 1138 811 1200 altost,

121 1228 171 1276 hoc
184 1241 248 1289 age,
263 1241 295 1276 ne
307 1232 408 1274 mutata
420 1232 559 1274 retrorsum
572 1231 597 1274 te
610 1224 677 1273 ferat
690 1240 772 1274 aura.

121 1316 230 1364 oderunt
242 1315 352 1363 hilarem
364 1315 448 1363 tristes
462 1314 611 1375 tristemque
623 1313 722 1374 iocosi,

81 1414 106 1451 oo
121 1404 236 1452 sedatum
249 1402 360 1461 celeres,
376 1401 470 1466 agilem
482 1415 646 1466 gnavumque
659 1401 777 1463 remissi,

121 1499 224 1556 potores
237 1489 320 1538 bibuli
332 1491 419 1539 media
430 1491 462 1540 de
473 1497 550 1539 nocte
562 1489 666 1538 Falerni

84 1595 85 1599 ’
122 1583 229 1630 oderunt
241 1588 358 1643 porrecta
369 1589 507 1643 negantem
520 1579 628 1641 pocula,
644 1580 763 1640 quamvis

120 1679 260 1719 nocturnos
273 1668 340 1717 iures
353 1677 377 1717 te
391 1668 532 1716 formidare
545 1677 660 1730 tepores

121 1762 194 1810 deme
208 1757 344 1822 supercilio
357 1756 467 1805 nubem:
488 1756 639 1818 plerumque
652 1756 784 1807 modestus

80 1854 105 1892 95
121 1856 231 1912 occupat
243 1846 343 1896 obscuri
356 1846 482 1907 speciem,
498 1845 641 1893 taciturnus
653 1845 757 1894 acerbi.

121 1939 187 1986 inter
199 1944 293 1986 cuncta
305 1935 372 1998 leges
385 1941 410 1982 et
423 1933 606 1996 percontabere
619 1931 724 1993 doctos,

121 2041 172 2087 qua
182 2025 283 2074 ratione
297 2037 373 2085 queas
386 2023 519 2071 traducere
533 2022 625 2071 leniter
637 2036 745 2080 aevum,

120 2128 182 2160 num
195 2122 220 2162 te
233 2127 331 2175 semper
344 2111 418 2174 inops
432 2111 511 2174 agitet
524 2118 649 2172 vexetque
662 2111 773 2172 cupido,

121 2215 182 2247 num
195 2215 274 2263 pavor
287 2207 313 2248 et
324 2214 410 2248 rernm
423 2199 587 2248 mediocriter
598 2198 703 2246 utilium
716 2212 788 2261 spes,

67 2297 105 2335 roo
120 2289 240 2336 virtutem
253 2288 371 2336 doctrina
383 2295 455 2350 paret
467 2296 596 2336 naturane
608 2286 702 2346 donet,

120 2376 182 2439 quid
196 2374 296 2422 minuat
308 2389 397 2434 curae,
413 2376 475 2437 quid
487 2385 512 2424 te
524 2374 570 2424 tibi
584 2375 674 2423 reddat
686 2376 817 2436 amicum,

121 2465 183 2528 quid
197 2476 258 2526 pure
272 2462 435 2524 tranquillet,
451 2463 533 2512 honos
546 2479 580 2512 au
593 2463 666 2512 dulce
678 2462 800 2512 lucellum

121 2570 152 2601 an
167 2558 293 2602 secretum
307 2551 354 2598 iter
367 2558 392 2597 et
404 2549 519 2600 fallentis
532 2552 622 2601 semita
635 2551 718 2600 vitae.

120 2656 160 2689 me
175 2639 291 2703 quotiens
304 2638 385 2687 reficit
397 2637 497 2700 gelidus
510 2640 631 2704 Digentia
644 2640 728 2698 rivus,
