<?xml version="1.0" encoding="UTF-8"?>
<!DOCTYPE html PUBLIC "-//W3C//DTD XHTML 1.0 Transitional//EN"
    "http://www.w3.org/TR/xhtml1/DTD/xhtml1-transitional.dtd">
<html xmlns="http://www.w3.org/1999/xhtml" xml:lang="en" lang="en">
 <head>
  <title>
</title>
<meta http-equiv="Content-Type" content="text/html;charset=utf-8" />
  <meta name='ocr-system' content='tesseract 3.04.00' />
  <meta name='ocr-capabilities' content='ocr_page ocr_carea ocr_par ocr_line ocrx_word'/>
</head>
<body>
  <div class='ocr_page' id='page_1' title='image "./qhoratiflacciop00vahlgoog_0229.png"; bbox 0 0 1770 2984; ppageno 0'>
   <div class='ocr_carea' id='block_1_1' title="bbox 119 179 583 237">
    <p class='ocr_par' dir='ltr' id='par_1_1' title="bbox 119 179 583 237">
     <span class='ocr_line' id='line_1_1' title="bbox 119 179 583 237; baseline -0.032 0"><span class='ocrx_word' id='word_1_1' title='bbox 119 190 171 237; x_wconf 79' lang='lat'>220</span> <span class='ocrx_word' id='word_1_2' title='bbox 402 179 583 223; x_wconf 77' lang='lat' dir='ltr'>mmmmm</span> 
     </span>
    </p>
   </div>
   <div class='ocr_carea' id='block_1_2' title="bbox 74 335 881 2702">
    <p class='ocr_par' dir='ltr' id='par_1_2' title="bbox 120 335 880 1382">
     <span class='ocr_line' id='line_1_2' title="bbox 120 335 745 396; baseline -0.002 0"><span class='ocrx_word' id='word_1_3' title='bbox 120 359 273 396; x_wconf 85' lang='lat' dir='ltr'>summosses</span> <span class='ocrx_word' id='word_1_4' title='bbox 286 335 394 396; x_wconf 89' lang='lat' dir='ltr'>omnis.&#39;</span> <span class='ocrx_word' id='word_1_5' title='bbox 418 339 487 392; x_wconf 83' lang='lat' dir='ltr'>‘non</span> <span class='ocrx_word' id='word_1_6' title='bbox 499 344 548 392; x_wconf 90' lang='lat' dir='ltr'>isto</span> <span class='ocrx_word' id='word_1_7' title='bbox 560 343 671 392; x_wconf 79' lang='lat' dir='ltr'>vivimus</span> <span class='ocrx_word' id='word_1_8' title='bbox 684 343 745 394; x_wconf 89' lang='lat' dir='ltr'>illic</span> 
     </span>
     <span class='ocr_line' id='line_1_3' title="bbox 122 420 824 497; baseline 0.001 -15"><span class='ocrx_word' id='word_1_9' title='bbox 122 450 172 497; x_wconf 92' lang='lat' dir='ltr'>quo</span> <span class='ocrx_word' id='word_1_10' title='bbox 186 444 214 484; x_wconf 92' lang='lat' dir='ltr'>tu</span> <span class='ocrx_word' id='word_1_11' title='bbox 226 449 282 485; x_wconf 91' lang='lat' dir='ltr'>rere</span> <span class='ocrx_word' id='word_1_12' title='bbox 294 420 387 483; x_wconf 87' lang='lat' dir='ltr'>modo:</span> <span class='ocrx_word' id='word_1_13' title='bbox 403 433 495 481; x_wconf 90' lang='lat' dir='ltr'>domus</span> <span class='ocrx_word' id='word_1_14' title='bbox 507 432 556 480; x_wconf 81' lang='lat' dir='ltr'>hec</span> <span class='ocrx_word' id='word_1_15' title='bbox 570 446 618 482; x_wconf 89' lang='lat' dir='ltr'>nec</span> <span class='ocrx_word' id='word_1_16' title='bbox 630 432 726 495; x_wconf 89' lang='lat' dir='ltr'>purior</span> <span class='ocrx_word' id='word_1_17' title='bbox 739 433 824 483; x_wconf 83' lang='lat' dir='ltr'>ullast</span> 
     </span>
     <span class='ocr_line' id='line_1_4' title="bbox 123 520 880 587; baseline 0.001 -16"><span class='ocrx_word' id='word_1_18' title='bbox 123 539 169 572; x_wconf 89' lang='lat' dir='ltr'>nec</span> <span class='ocrx_word' id='word_1_19' title='bbox 182 523 265 587; x_wconf 83' lang='lat' dir='ltr'>magis</span> <span class='ocrx_word' id='word_1_20' title='bbox 278 522 318 571; x_wconf 88' lang='lat' dir='ltr'>his</span> <span class='ocrx_word' id='word_1_21' title='bbox 331 522 416 571; x_wconf 74' lang='lat' dir='ltr'>aliena</span> <span class='ocrx_word' id='word_1_22' title='bbox 428 520 517 581; x_wconf 79' lang='lat' dir='ltr'>malis3</span> <span class='ocrx_word' id='word_1_23' title='bbox 533 520 571 568; x_wconf 92' lang='lat' dir='ltr'>nil</span> <span class='ocrx_word' id='word_1_24' title='bbox 583 520 620 568; x_wconf 89' lang='lat' dir='ltr'>mi</span> <span class='ocrx_word' id='word_1_25' title='bbox 633 521 737 582; x_wconf 84' lang='lat' dir='ltr'>officit,</span> <span class='ocrx_word' id='word_1_26' title='bbox 756 523 880 585; x_wconf 78' lang='lat' dir='ltr'>inquom,</span> 
     </span>
     <span class='ocr_line' id='line_1_5' title="bbox 122 608 773 672; baseline 0.002 -13"><span class='ocrx_word' id='word_1_27' title='bbox 122 613 200 660; x_wconf 89' lang='lat' dir='ltr'>ditior</span> <span class='ocrx_word' id='word_1_28' title='bbox 213 611 255 660; x_wconf 89' lang='lat' dir='ltr'>hic</span> <span class='ocrx_word' id='word_1_29' title='bbox 269 618 314 659; x_wconf 81' lang='lat' dir='ltr'>aut</span> <span class='ocrx_word' id='word_1_30' title='bbox 327 609 437 672; x_wconf 75' lang='lat' dir='ltr'>estquis</span> <span class='ocrx_word' id='word_1_31' title='bbox 450 609 566 669; x_wconf 82' lang='lat' dir='ltr'>doctior3</span> <span class='ocrx_word' id='word_1_32' title='bbox 582 617 620 658; x_wconf 89' lang='lat' dir='ltr'>est</span> <span class='ocrx_word' id='word_1_33' title='bbox 632 608 707 659; x_wconf 88' lang='lat' dir='ltr'>locus</span> <span class='ocrx_word' id='word_1_34' title='bbox 721 611 773 660; x_wconf 87' lang='lat' dir='ltr'>uni</span> 
     </span>
     <span class='ocr_line' id='line_1_6' title="bbox 123 697 880 764; baseline 0.001 -17"><span class='ocrx_word' id='word_1_35' title='bbox 123 701 214 761; x_wconf 86' lang='lat' dir='ltr'>cuique</span> <span class='ocrx_word' id='word_1_36' title='bbox 227 714 286 748; x_wconf 88' lang='lat' dir='ltr'>suus</span> <span class='ocrx_word' id='word_1_37' title='bbox 295 700 311 750; x_wconf 76' lang='lat'>,²</span> <span class='ocrx_word' id='word_1_38' title='bbox 334 700 470 764; x_wconf 81' lang='lat' dir='ltr'>‘magnum</span> <span class='ocrx_word' id='word_1_39' title='bbox 482 711 586 759; x_wconf 76' lang='lat' dir='ltr'>narras,</span> <span class='ocrx_word' id='word_1_40' title='bbox 600 697 645 745; x_wconf 84' lang='lat' dir='ltr'>vix</span> <span class='ocrx_word' id='word_1_41' title='bbox 658 699 792 748; x_wconf 90' lang='lat' dir='ltr'>credibile</span> <span class='ocrx_word' id='word_1_42' title='bbox 800 700 818 751; x_wconf 88' lang='lat'>.²</span> <span class='ocrx_word' id='word_1_43' title='bbox 836 700 880 748; x_wconf 80' lang='lat' dir='ltr'>‘st</span> 
     </span>
     <span class='ocr_line' id='line_1_7' title="bbox 123 784 800 849; baseline 0 -13"><span class='ocrx_word' id='word_1_44' title='bbox 123 790 160 836; x_wconf 89' lang='lat' dir='ltr'>sic</span> <span class='ocrx_word' id='word_1_45' title='bbox 172 789 251 839; x_wconf 82' lang='lat' dir='ltr'>habet</span> <span class='ocrx_word' id='word_1_46' title='bbox 261 789 278 836; x_wconf 85' lang='lat'>.&#39;</span> <span class='ocrx_word' id='word_1_47' title='bbox 299 787 431 837; x_wconf 80' lang='lat' dir='ltr'>‘accendis</span> <span class='ocrx_word' id='word_1_48' title='bbox 445 801 523 849; x_wconf 85' lang='lat' dir='ltr'>quare</span> <span class='ocrx_word' id='word_1_49' title='bbox 536 784 641 848; x_wconf 80' lang='lat' dir='ltr'>cupiam</span> <span class='ocrx_word' id='word_1_50' title='bbox 654 786 744 848; x_wconf 79' lang='lat' dir='ltr'>magis</span> <span class='ocrx_word' id='word_1_51' title='bbox 757 787 800 836; x_wconf 89' lang='lat' dir='ltr'>illi</span> 
     </span>
     <span class='ocr_line' id='line_1_8' title="bbox 123 869 875 940; baseline -0.003 -14"><span class='ocrx_word' id='word_1_52' title='bbox 123 880 259 940; x_wconf 81' lang='lat' dir='ltr'>proximus</span> <span class='ocrx_word' id='word_1_53' title='bbox 271 891 323 926; x_wconf 89' lang='lat' dir='ltr'>esse</span> <span class='ocrx_word' id='word_1_54' title='bbox 332 875 349 927; x_wconf 85' lang='lat'>.’</span> <span class='ocrx_word' id='word_1_55' title='bbox 372 869 449 924; x_wconf 87' lang='lat' dir='ltr'>‘velis</span> <span class='ocrx_word' id='word_1_56' title='bbox 461 873 656 924; x_wconf 81' lang='lat' dir='ltr'>tantummodo:</span> <span class='ocrx_word' id='word_1_57' title='bbox 686 888 762 935; x_wconf 83' lang='lat' dir='ltr'>quae</span> <span class='ocrx_word' id='word_1_58' title='bbox 775 883 826 926; x_wconf 78' lang='lat' dir='ltr'>tua</span> <span class='ocrx_word' id='word_1_59' title='bbox 838 876 875 924; x_wconf 87' lang='lat' dir='ltr'>vir</span> 
     </span>
     <span class='ocr_line' id='line_1_9' title="bbox 125 962 739 1028; baseline -0.002 -15"><span class='ocrx_word' id='word_1_60' title='bbox 125 965 300 1028; x_wconf 77' lang='lat' dir='ltr'>expugnabis3</span> <span class='ocrx_word' id='word_1_61' title='bbox 316 972 341 1012; x_wconf 91' lang='lat' dir='ltr'>et</span> <span class='ocrx_word' id='word_1_62' title='bbox 354 971 392 1013; x_wconf 90' lang='lat' dir='ltr'>est</span> <span class='ocrx_word' id='word_1_63' title='bbox 404 963 448 1026; x_wconf 87' lang='lat' dir='ltr'>qui</span> <span class='ocrx_word' id='word_1_64' title='bbox 460 962 528 1012; x_wconf 87' lang='lat' dir='ltr'>vinci</span> <span class='ocrx_word' id='word_1_65' title='bbox 540 962 635 1025; x_wconf 83' lang='lat' dir='ltr'>possit,</span> <span class='ocrx_word' id='word_1_66' title='bbox 650 975 739 1025; x_wconf 86' lang='lat' dir='ltr'>eoque</span> 
     </span>
     <span class='ocr_line' id='line_1_10' title="bbox 125 1042 848 1114; baseline 0.001 -14"><span class='ocrx_word' id='word_1_67' title='bbox 125 1052 235 1102; x_wconf 82' lang='lat' dir='ltr'>difficilis</span> <span class='ocrx_word' id='word_1_68' title='bbox 248 1052 332 1101; x_wconf 81' lang='lat' dir='ltr'>aditus</span> <span class='ocrx_word' id='word_1_69' title='bbox 344 1053 441 1114; x_wconf 91' lang='lat' dir='ltr'>primos</span> <span class='ocrx_word' id='word_1_70' title='bbox 453 1042 557 1102; x_wconf 76' lang='lat' dir='ltr'>hebot.&#39;</span> <span class='ocrx_word' id='word_1_71' title='bbox 579 1044 665 1098; x_wconf 77' lang='lat' dir='ltr'>‘houd</span> <span class='ocrx_word' id='word_1_72' title='bbox 678 1050 751 1100; x_wconf 88' lang='lat' dir='ltr'>mihi</span> <span class='ocrx_word' id='word_1_73' title='bbox 765 1053 848 1103; x_wconf 84' lang='lat' dir='ltr'>dero:</span> 
     </span>
     <span class='ocr_line' id='line_1_11' title="bbox 126 1138 784 1203; baseline 0.002 -15"><span class='ocrx_word' id='word_1_74' title='bbox 126 1140 273 1190; x_wconf 91' lang='lat' dir='ltr'>muneribus</span> <span class='ocrx_word' id='word_1_75' title='bbox 285 1153 368 1189; x_wconf 86' lang='lat' dir='ltr'>servos</span> <span class='ocrx_word' id='word_1_76' title='bbox 382 1154 561 1203; x_wconf 69' lang='lat' dir='ltr'>corrumpam</span> <span class='ocrx_word' id='word_1_77' title='bbox 576 1153 646 1198; x_wconf 85' lang='lat' dir='ltr'>non,</span> <span class='ocrx_word' id='word_1_78' title='bbox 661 1138 746 1188; x_wconf 88' lang='lat' dir='ltr'>hodie</span> <span class='ocrx_word' id='word_1_79' title='bbox 760 1141 784 1189; x_wconf 93' lang='lat' dir='ltr'>si</span> 
     </span>
     <span class='ocr_line' id='line_1_12' title="bbox 126 1228 795 1290; baseline 0.003 -14"><span class='ocrx_word' id='word_1_80' title='bbox 126 1229 245 1277; x_wconf 86' lang='lat' dir='ltr'>exclusus</span> <span class='ocrx_word' id='word_1_81' title='bbox 257 1228 347 1290; x_wconf 86' lang='lat' dir='ltr'>fuero,</span> <span class='ocrx_word' id='word_1_82' title='bbox 362 1229 498 1287; x_wconf 80' lang='lat' dir='ltr'>desistsm3</span> <span class='ocrx_word' id='word_1_83' title='bbox 514 1236 630 1290; x_wconf 84' lang='lat' dir='ltr'>tempora</span> <span class='ocrx_word' id='word_1_84' title='bbox 644 1241 795 1290; x_wconf 84' lang='lat' dir='ltr'><strong>quaeram,</strong></span> 
     </span>
     <span class='ocr_line' id='line_1_13' title="bbox 127 1314 816 1382; baseline 0.004 -19"><span class='ocrx_word' id='word_1_85' title='bbox 127 1331 259 1364; x_wconf 78' lang='lat' dir='ltr'>occurram</span> <span class='ocrx_word' id='word_1_86' title='bbox 271 1316 299 1365; x_wconf 93' lang='lat' dir='ltr'>in</span> <span class='ocrx_word' id='word_1_87' title='bbox 311 1316 408 1376; x_wconf 80' lang='lat' dir='ltr'>triviis,</span> <span class='ocrx_word' id='word_1_88' title='bbox 423 1316 562 1365; x_wconf 80' lang='lat' dir='ltr'><strong>deducam.</strong></span> <span class='ocrx_word' id='word_1_89' title='bbox 589 1314 627 1364; x_wconf 93' lang='lat' dir='ltr'>nil</span> <span class='ocrx_word' id='word_1_90' title='bbox 639 1314 696 1364; x_wconf 87' lang='lat' dir='ltr'>sino</span> <span class='ocrx_word' id='word_1_91' title='bbox 709 1330 816 1382; x_wconf 79' lang='lat' dir='ltr'>magno</span> 
     </span>
    </p>

    <p class='ocr_par' dir='ltr' id='par_1_3' title="bbox 74 1394 877 1819">
     <span class='ocr_line' id='line_1_14' title="bbox 74 1394 867 1468; baseline 0.008 -17"><span class='ocrx_word' id='word_1_92' title='bbox 74 1414 99 1452; x_wconf 83' lang='lat' dir='ltr'>so</span> <span class='ocrx_word' id='word_1_93' title='bbox 127 1405 179 1451; x_wconf 83' lang='lat' dir='ltr'>vita</span> <span class='ocrx_word' id='word_1_94' title='bbox 192 1404 280 1453; x_wconf 87' lang='lat' dir='ltr'>labore</span> <span class='ocrx_word' id='word_1_95' title='bbox 294 1405 364 1453; x_wconf 88' lang='lat' dir='ltr'>dedit</span> <span class='ocrx_word' id='word_1_96' title='bbox 376 1403 526 1454; x_wconf 77' lang='lat' dir='ltr'>mortalibus</span> <span class='ocrx_word' id='word_1_97' title='bbox 533 1394 550 1451; x_wconf 86' lang='lat'>.&#39;</span> <span class='ocrx_word' id='word_1_98' title='bbox 574 1403 640 1452; x_wconf 78' lang='lat' dir='ltr'>haec</span> <span class='ocrx_word' id='word_1_99' title='bbox 653 1403 717 1451; x_wconf 88' lang='lat' dir='ltr'>dum</span> <span class='ocrx_word' id='word_1_100' title='bbox 731 1406 793 1468; x_wconf 83' lang='lat' dir='ltr'>agit</span> <span class='ocrx_word' id='word_1_101' title='bbox 805 1421 867 1456; x_wconf 84' lang='lat' dir='ltr'>ecce</span> 
     </span>
     <span class='ocr_line' id='line_1_15' title="bbox 127 1491 783 1552; baseline 0.005 -13"><span class='ocrx_word' id='word_1_102' title='bbox 127 1492 223 1540; x_wconf 83' lang='lat' dir='ltr'>Fuscus</span> <span class='ocrx_word' id='word_1_103' title='bbox 235 1491 348 1541; x_wconf 86' lang='lat' dir='ltr'>Aristius</span> <span class='ocrx_word' id='word_1_104' title='bbox 362 1493 482 1552; x_wconf 89' lang='lat' dir='ltr'>occurrit,</span> <span class='ocrx_word' id='word_1_105' title='bbox 497 1491 561 1541; x_wconf 85' lang='lat' dir='ltr'>milri</span> <span class='ocrx_word' id='word_1_106' title='bbox 574 1505 648 1540; x_wconf 81' lang='lat' dir='ltr'>curus</span> <span class='ocrx_word' id='word_1_107' title='bbox 660 1499 687 1540; x_wconf 92' lang='lat' dir='ltr'>et</span> <span class='ocrx_word' id='word_1_108' title='bbox 699 1491 783 1542; x_wconf 88' lang='lat' dir='ltr'>illum</span> 
     </span>
     <span class='ocr_line' id='line_1_16' title="bbox 129 1573 877 1642; baseline 0.008 -16"><span class='ocrx_word' id='word_1_109' title='bbox 129 1580 172 1640; x_wconf 89' lang='lat' dir='ltr'>qui</span> <span class='ocrx_word' id='word_1_110' title='bbox 185 1580 290 1642; x_wconf 85' lang='lat' dir='ltr'>pulchre</span> <span class='ocrx_word' id='word_1_111' title='bbox 303 1590 402 1634; x_wconf 86' lang='lat' dir='ltr'>nosset.</span> <span class='ocrx_word' id='word_1_112' title='bbox 429 1580 601 1630; x_wconf 82' lang='lat' dir='ltr'>consistimus.</span> <span class='ocrx_word' id='word_1_113' title='bbox 626 1573 712 1628; x_wconf 91' lang='lat' dir='ltr'>‘unde</span> <span class='ocrx_word' id='word_1_114' title='bbox 726 1573 840 1631; x_wconf 74' lang='lat' dir='ltr'>venisi&#39;</span> <span class='ocrx_word' id='word_1_115' title='bbox 851 1591 877 1632; x_wconf 82' lang='lat' dir='ltr'>et</span> 
     </span>
     <span class='ocr_line' id='line_1_17' title="bbox 127 1660 839 1734; baseline 0.008 -20"><span class='ocrx_word' id='word_1_116' title='bbox 127 1669 191 1729; x_wconf 80' lang='lat' dir='ltr'>‘quo</span> <span class='ocrx_word' id='word_1_117' title='bbox 206 1660 320 1717; x_wconf 77' lang='lat' dir='ltr'>tendisl&#39;</span> <span class='ocrx_word' id='word_1_118' title='bbox 333 1676 407 1733; x_wconf 81' lang='lat' dir='ltr'>rogat</span> <span class='ocrx_word' id='word_1_119' title='bbox 420 1678 445 1717; x_wconf 89' lang='lat' dir='ltr'>et</span> <span class='ocrx_word' id='word_1_120' title='bbox 457 1670 605 1733; x_wconf 88' lang='lat' dir='ltr'>respondet.</span> <span class='ocrx_word' id='word_1_121' title='bbox 632 1666 727 1718; x_wconf 88' lang='lat' dir='ltr'>vellere</span> <span class='ocrx_word' id='word_1_122' title='bbox 741 1671 839 1734; x_wconf 88' lang='lat' dir='ltr'>coepi,</span> 
     </span>
     <span class='ocr_line' id='line_1_18' title="bbox 129 1756 814 1819; baseline 0.006 -15"><span class='ocrx_word' id='word_1_123' title='bbox 129 1765 152 1804; x_wconf 89' lang='lat' dir='ltr'>et</span> <span class='ocrx_word' id='word_1_124' title='bbox 166 1772 286 1819; x_wconf 85' lang='lat' dir='ltr'>prensare</span> <span class='ocrx_word' id='word_1_125' title='bbox 299 1773 376 1805; x_wconf 80' lang='lat' dir='ltr'>manu</span> <span class='ocrx_word' id='word_1_126' title='bbox 390 1758 532 1806; x_wconf 86' lang='lat' dir='ltr'>lentissima</span> <span class='ocrx_word' id='word_1_127' title='bbox 544 1756 681 1816; x_wconf 78' lang='lat' dir='ltr'>bracchio,</span> <span class='ocrx_word' id='word_1_128' title='bbox 697 1766 814 1819; x_wconf 84' lang='lat' dir='ltr'>nutans,</span> 
     </span>
    </p>

    <p class='ocr_par' dir='ltr' id='par_1_4' title="bbox 76 1844 840 2260">
     <span class='ocr_line' id='line_1_19' title="bbox 76 1844 840 1909; baseline 0.007 -17"><span class='ocrx_word' id='word_1_129' title='bbox 76 1854 100 1892; x_wconf 78' lang='lat' dir='ltr'>so</span> <span class='ocrx_word' id='word_1_130' title='bbox 129 1847 289 1909; x_wconf 85' lang='lat' dir='ltr'>distorquens</span> <span class='ocrx_word' id='word_1_131' title='bbox 302 1846 406 1905; x_wconf 90' lang='lat' dir='ltr'>oculos,</span> <span class='ocrx_word' id='word_1_132' title='bbox 421 1854 449 1894; x_wconf 91' lang='lat' dir='ltr'>ut</span> <span class='ocrx_word' id='word_1_133' title='bbox 462 1859 502 1893; x_wconf 90' lang='lat' dir='ltr'>me</span> <span class='ocrx_word' id='word_1_134' title='bbox 515 1846 638 1908; x_wconf 90' lang='lat' dir='ltr'>eriperet.</span> <span class='ocrx_word' id='word_1_135' title='bbox 666 1844 738 1894; x_wconf 82' lang='lat' dir='ltr'>mole</span> <span class='ocrx_word' id='word_1_136' title='bbox 751 1846 840 1897; x_wconf 79' lang='lat' dir='ltr'>salsus</span> 
     </span>
     <span class='ocr_line' id='line_1_20' title="bbox 128 1931 766 1995; baseline 0.005 -13"><span class='ocrx_word' id='word_1_137' title='bbox 128 1937 213 1984; x_wconf 88' lang='lat' dir='ltr'>ridens</span> <span class='ocrx_word' id='word_1_138' title='bbox 227 1934 403 1995; x_wconf 82' lang='lat' dir='ltr'>dissimulare,</span> <span class='ocrx_word' id='word_1_139' title='bbox 418 1949 504 1982; x_wconf 90' lang='lat' dir='ltr'>meum</span> <span class='ocrx_word' id='word_1_140' title='bbox 517 1934 587 1982; x_wconf 91' lang='lat' dir='ltr'>iecur</span> <span class='ocrx_word' id='word_1_141' title='bbox 601 1946 674 1982; x_wconf 89' lang='lat' dir='ltr'>urere</span> <span class='ocrx_word' id='word_1_142' title='bbox 687 1931 766 1985; x_wconf 88' lang='lat' dir='ltr'>bilis.</span> 
     </span>
     <span class='ocr_line' id='line_1_21' title="bbox 128 2019 695 2085; baseline -0.007 -12"><span class='ocrx_word' id='word_1_143' title='bbox 128 2025 204 2073; x_wconf 89' lang='lat' dir='ltr'>‘certe</span> <span class='ocrx_word' id='word_1_144' title='bbox 217 2024 304 2072; x_wconf 91' lang='lat' dir='ltr'>nescio</span> <span class='ocrx_word' id='word_1_145' title='bbox 318 2023 381 2085; x_wconf 91' lang='lat' dir='ltr'>quid</span> <span class='ocrx_word' id='word_1_146' title='bbox 394 2031 493 2072; x_wconf 89' lang='lat' dir='ltr'>secreto</span> <span class='ocrx_word' id='word_1_147' title='bbox 506 2021 571 2071; x_wconf 91' lang='lat' dir='ltr'>velle</span> <span class='ocrx_word' id='word_1_148' title='bbox 583 2019 656 2082; x_wconf 91' lang='lat' dir='ltr'>loqui</span> <span class='ocrx_word' id='word_1_149' title='bbox 668 2027 695 2069; x_wconf 88' lang='lat' dir='ltr'>te</span> 
     </span>
     <span class='ocr_line' id='line_1_22' title="bbox 130 2109 757 2168; baseline 0 -10"><span class='ocrx_word' id='word_1_150' title='bbox 130 2112 217 2159; x_wconf 74' lang='lat' dir='ltr'>aiebas</span> <span class='ocrx_word' id='word_1_151' title='bbox 229 2112 353 2159; x_wconf 90' lang='lat' dir='ltr'>mecum.&#39;</span> <span class='ocrx_word' id='word_1_152' title='bbox 371 2110 490 2160; x_wconf 91' lang='lat' dir='ltr'>‘memini</span> <span class='ocrx_word' id='word_1_153' title='bbox 503 2110 581 2168; x_wconf 88' lang='lat' dir='ltr'>bene,</span> <span class='ocrx_word' id='word_1_154' title='bbox 596 2109 639 2157; x_wconf 91' lang='lat' dir='ltr'>sed</span> <span class='ocrx_word' id='word_1_155' title='bbox 652 2109 757 2158; x_wconf 89' lang='lat' dir='ltr'>meliori</span> 
     </span>
     <span class='ocr_line' id='line_1_23' title="bbox 130 2196 834 2260; baseline 0.004 -15"><span class='ocrx_word' id='word_1_156' title='bbox 130 2207 245 2260; x_wconf 89' lang='lat' dir='ltr'>tempore</span> <span class='ocrx_word' id='word_1_157' title='bbox 258 2199 359 2247; x_wconf 83' lang='lat' dir='ltr'>dicam:</span> <span class='ocrx_word' id='word_1_158' title='bbox 374 2198 451 2247; x_wconf 88' lang='lat' dir='ltr'>hodie</span> <span class='ocrx_word' id='word_1_159' title='bbox 464 2198 593 2247; x_wconf 84' lang='lat' dir='ltr'>tricesimo</span> <span class='ocrx_word' id='word_1_160' title='bbox 605 2196 726 2245; x_wconf 77' lang='lat' dir='ltr'>sabbeta:</span> <span class='ocrx_word' id='word_1_161' title='bbox 744 2199 791 2247; x_wconf 91' lang='lat' dir='ltr'>vin</span> <span class='ocrx_word' id='word_1_162' title='bbox 804 2206 834 2248; x_wconf 88' lang='lat' dir='ltr'>tu</span> 
     </span>
    </p>

    <p class='ocr_par' dir='ltr' id='par_1_5' title="bbox 77 2275 881 2702">
     <span class='ocr_line' id='line_1_24' title="bbox 77 2275 816 2348; baseline 0.007 -17"><span class='ocrx_word' id='word_1_163' title='bbox 77 2294 102 2331; x_wconf 77' lang='lat' dir='ltr'>to</span> <span class='ocrx_word' id='word_1_164' title='bbox 130 2286 207 2333; x_wconf 87' lang='lat' dir='ltr'>curtis</span> <span class='ocrx_word' id='word_1_165' title='bbox 219 2287 321 2334; x_wconf 81' lang='lat' dir='ltr'>Iudaeis</span> <span class='ocrx_word' id='word_1_166' title='bbox 334 2287 460 2348; x_wconf 91' lang='lat' dir='ltr'>oppedere</span> <span class='ocrx_word' id='word_1_167' title='bbox 468 2286 491 2333; x_wconf 77' lang='lat' dir='ltr'>l&#39;</span> <span class='ocrx_word' id='word_1_168' title='bbox 514 2285 598 2333; x_wconf 85' lang='lat' dir='ltr'>‘nulls</span> <span class='ocrx_word' id='word_1_169' title='bbox 610 2275 687 2332; x_wconf 88' lang='lat' dir='ltr'>mihi&#39;</span> <span class='ocrx_word' id='word_1_170' title='bbox 699 2286 816 2348; x_wconf 80' lang='lat' dir='ltr'>inquam</span> 
     </span>
     <span class='ocr_line' id='line_1_25' title="bbox 130 2372 863 2437; baseline 0.011 -18"><span class='ocrx_word' id='word_1_171' title='bbox 130 2373 244 2436; x_wconf 85' lang='lat' dir='ltr'>‘relligio</span> <span class='ocrx_word' id='word_1_172' title='bbox 259 2372 322 2420; x_wconf 91' lang='lat' dir='ltr'>est.’</span> <span class='ocrx_word' id='word_1_173' title='bbox 340 2372 378 2422; x_wconf 84' lang='lat' dir='ltr'>‘ut</span> <span class='ocrx_word' id='word_1_174' title='bbox 393 2374 443 2420; x_wconf 87' lang='lat' dir='ltr'>mi:</span> <span class='ocrx_word' id='word_1_175' title='bbox 459 2389 516 2421; x_wconf 90' lang='lat' dir='ltr'>sum</span> <span class='ocrx_word' id='word_1_176' title='bbox 529 2373 617 2437; x_wconf 84' lang='lat' dir='ltr'>paullo</span> <span class='ocrx_word' id='word_1_177' title='bbox 631 2372 777 2436; x_wconf 86' lang='lat' dir='ltr'>infirmior,</span> <span class='ocrx_word' id='word_1_178' title='bbox 794 2391 863 2426; x_wconf 88' lang='lat' dir='ltr'>unns</span> 
     </span>
     <span class='ocr_line' id='line_1_26' title="bbox 130 2453 881 2524; baseline 0.009 -16"><span class='ocrx_word' id='word_1_179' title='bbox 130 2462 285 2509; x_wconf 88' lang='lat' dir='ltr'>multorum.</span> <span class='ocrx_word' id='word_1_180' title='bbox 312 2462 443 2524; x_wconf 84' lang='lat' dir='ltr'>ignosces:</span> <span class='ocrx_word' id='word_1_181' title='bbox 460 2462 522 2509; x_wconf 84' lang='lat' dir='ltr'>alius</span> <span class='ocrx_word' id='word_1_182' title='bbox 534 2453 651 2523; x_wconf 85' lang='lat' dir='ltr'>loquar.&#39;</span> <span class='ocrx_word' id='word_1_183' title='bbox 676 2461 796 2513; x_wconf 87' lang='lat' dir='ltr'>huncine</span> <span class='ocrx_word' id='word_1_184' title='bbox 810 2465 861 2514; x_wconf 91' lang='lat' dir='ltr'>sol</span> <span class='ocrx_word' id='word_1_185' title='bbox 872 2486 881 2505; x_wconf 56' lang='grc' dir='ltr'>ω</span> 
     </span>
     <span class='ocr_line' id='line_1_27' title="bbox 131 2548 853 2613; baseline 0.01 -16"><span class='ocrx_word' id='word_1_186' title='bbox 131 2559 183 2597; x_wconf 84' lang='lat' dir='ltr'>tum</span> <span class='ocrx_word' id='word_1_187' title='bbox 197 2551 300 2612; x_wconf 82' lang='lat' dir='ltr'>nigrum</span> <span class='ocrx_word' id='word_1_188' title='bbox 313 2564 418 2599; x_wconf 88' lang='lat' dir='ltr'>surrexe</span> <span class='ocrx_word' id='word_1_189' title='bbox 431 2548 495 2595; x_wconf 92' lang='lat' dir='ltr'>mihi</span> <span class='ocrx_word' id='word_1_190' title='bbox 506 2550 512 2594; x_wconf 84' lang='lat' dir='ltr'>l</span> <span class='ocrx_word' id='word_1_191' title='bbox 540 2550 607 2613; x_wconf 84' lang='lat' dir='ltr'>fugit</span> <span class='ocrx_word' id='word_1_192' title='bbox 618 2549 747 2612; x_wconf 88' lang='lat' dir='ltr'>inprobus</span> <span class='ocrx_word' id='word_1_193' title='bbox 762 2567 795 2602; x_wconf 84' lang='lat' dir='ltr'>ac</span> <span class='ocrx_word' id='word_1_194' title='bbox 808 2567 853 2603; x_wconf 85' lang='lat' dir='ltr'>me</span> 
     </span>
     <span class='ocr_line' id='line_1_28' title="bbox 131 2637 720 2702; baseline -0.003 -15"><span class='ocrx_word' id='word_1_195' title='bbox 131 2640 177 2687; x_wconf 89' lang='lat' dir='ltr'>sub</span> <span class='ocrx_word' id='word_1_196' title='bbox 191 2639 273 2688; x_wconf 89' lang='lat' dir='ltr'>cultro</span> <span class='ocrx_word' id='word_1_197' title='bbox 287 2640 395 2702; x_wconf 88' lang='lat' dir='ltr'>linquit.</span> <span class='ocrx_word' id='word_1_198' title='bbox 423 2653 482 2686; x_wconf 81' lang='lat' dir='ltr'>casn</span> <span class='ocrx_word' id='word_1_199' title='bbox 495 2639 565 2686; x_wconf 90' lang='lat' dir='ltr'>venit</span> <span class='ocrx_word' id='word_1_200' title='bbox 578 2637 667 2686; x_wconf 85' lang='lat' dir='ltr'>obvius</span> <span class='ocrx_word' id='word_1_201' title='bbox 679 2637 720 2685; x_wconf 92' lang='lat' dir='ltr'>illi</span> 
     </span>
    </p>
   </div>
   <div class='ocr_carea' id='block_1_3' title="bbox 0 0 910 2984">
    <p class='ocr_par' dir='ltr' id='par_1_6' title="bbox 0 0 910 2984">
     <span class='ocr_line' id='line_1_29' title="bbox 0 0 910 2984; baseline 0 0"><span class='ocrx_word' id='word_1_202' title='bbox 0 0 910 2984; x_wconf 95' lang='lat' dir='ltr'> </span> 
     </span>
    </p>
   </div>
  </div>
 </body>
</html>
