1784 3000
358 192 453 233 ursule
467 193 529 234 1111.

39 361 49 401 t
69 352 160 402 uidam
172 353 249 416 ponit
260 353 322 416 Ityn
334 352 454 404 flebiliter
465 370 570 420 gemens

67 437 161 491 infelix
173 440 229 490 avis
241 449 267 490 et
279 440 422 505 Cecropiae
435 444 527 493 domne

69 537 201 581 aeteruum
214 529 399 593 opprobrium,
414 532 484 594 quod
498 532 565 583 male
578 532 702 584 barbaras

68 633 156 686 regum
170 625 209 668 est
220 616 275 668 alta
288 617 422 670 libidines.

67 760 157 811 dicunt
167 760 197 810 in
209 768 297 810 tenero
310 760 429 823 gramine
441 761 578 826 pinguium

26 852 45 893 ¹⁰
67 848 184 899 custodes
197 848 288 897 ovium
300 848 416 897 earmina
429 848 515 898 fistula

65 937 244 1000 delectantque
257 937 333 986 deum
346 936 388 985 cui
401 951 479 1000 pecus
492 947 517 988 et
529 939 597 1004 nigri

65 1025 143 1076 ealles
155 1024 285 1075 Arcadiae
298 1024 417 1089 placent.

64 1167 196 1217 enomere
208 1166 279 1216 sitim
292 1174 424 1230 tempora,
439 1165 554 1231 Vergili:

64 1255 107 1306 sed
120 1270 237 1321 praesum
250 1253 358 1304 Calibus
370 1254 464 1304 ducere
477 1255 599 1304 Liberum

12 1345 39 1389 lo
64 1344 85 1394 si
98 1344 189 1409 gestie,
203 1344 327 1393 iuvenum
339 1343 470 1393 nobilium
482 1343 577 1405 eliens,

63 1433 145 1482 nardo
157 1431 220 1480 vina
233 1430 386 1482 mereberis.

63 1574 138 1624 nardi
150 1589 245 1639 parvus
258 1588 328 1638 onyx
342 1573 426 1623 eliciet
439 1574 548 1635 eadum,

62 1662 107 1726 qui
119 1677 190 1713 nunc
202 1660 325 1726 Sulpiciis
338 1660 447 1711 accubet
459 1663 571 1724 horreis,

61 1765 117 1816 spes
131 1751 229 1801 donare
242 1763 321 1799 noves
333 1750 421 1815 largus
434 1765 573 1814 amaraque

10 1839 35 1886 la
60 1855 181 1889 curarum
193 1838 278 1889 eluere
290 1837 398 1889 efficax.

60 1982 172 2047 adquae
185 1981 207 2031 si
220 1995 342 2045 properas
352 1979 464 2046 gaudia,
478 1995 538 2030 cum
550 1987 596 2030 tua

60 2070 136 2120 velox
148 2084 234 2121 meree
246 2069 319 2120 veni:
341 2083 393 2118 nou
407 2083 456 2132 ego
468 2076 494 2118 te
506 2069 571 2118 meis

59 2159 193 2209 inmunem
206 2158 317 2208 meditor
329 2157 446 2222 tinguere
458 2157 572 2222 poculis,

58 2247 134 2312 plena
147 2247 219 2298 dives
232 2247 300 2296 utin
313 2246 400 2296 domo.

11 2384 36 2434 la
58 2403 146 2440 verum
158 2402 228 2455 pone
240 2403 326 2439 morae
340 2396 365 2439 et
377 2389 492 2439 studium
503 2387 582 2450 lucri,

58 2476 244 2543 nigrorumque
257 2491 356 2527 memor
368 2479 430 2526 dum
442 2476 503 2527 lieet
514 2476 615 2542 ignium

56 2566 133 2616 misce
145 2566 284 2616 stultitiam
297 2565 411 2616 consiliis
423 2565 542 2617 brevem:

52 2653 124 2704 dulce
135 2661 176 2704 est
187 2653 304 2721 desipere
317 2655 347 2708 in
360 2656 436 2710 loco.

59 2753 187 2798 Horatius.
204 2759 248 2803 ed.
266 2762 331 2807 ΠΗ.
351 2753 529 2762 ““““““““”“
