1784 3000
91 178 143 228 258
373 173 551 215 supressum

40 345 64 383 to
94 352 109 386 o
123 345 211 386 noctes
224 350 352 398 cenaeque
365 337 458 397 deum,
474 336 566 398 quibus
579 336 633 399 ipse
646 337 751 398 meique

93 432 151 474 aute
164 425 245 474 larem
258 425 392 487 proprium
404 438 494 473 vescor
505 438 645 486 vernasque
658 425 776 486 procacis

92 527 169 576 pasco
182 512 269 561 libatis
283 512 406 575 dapibus.
433 520 509 576 prout
522 512 615 574 cuique
627 512 733 561 libidost

92 602 172 650 siccat
184 600 328 663 inaequalis
342 601 434 649 calices
448 600 554 649 conviva
567 600 664 648 solutus

92 690 192 755 legibus
204 688 316 749 insanis,
330 703 374 738 seu
388 688 445 751 quis
457 689 528 752 capit
541 689 612 736 acria
625 688 699 736 fortis

39 784 66 824 '1⁰
95 778 188 842 poeula
200 792 244 827 seu
257 777 366 826 modicis
379 777 476 826 uvescit
487 777 593 825 laetius.
621 791 681 840 ergo

92 881 175 916 sermo
189 866 285 926 oritur,
299 879 351 915 non
365 866 396 914 de
409 864 476 915 villis
489 864 638 913 domibusve
650 865 755 924 alienis,

93 970 141 1004 nec
153 955 221 1004 male
234 968 315 1004 necue
327 953 413 1016 Lepos
426 952 516 1012 saltet,
531 953 574 1002 sed
588 953 657 1015 quod
671 953 755 1015 magis
768 953 800 1002 ad
813 967 858 1003 nos

93 1045 202 1107 pertinet
215 1050 240 1093 et
252 1042 350 1091 nescire
362 1042 460 1090 malum
472 1048 510 1090 est
522 1041 667 1105 agitamus,
682 1049 801 1091 utrumne

94 1132 189 1181 divitiis
202 1131 321 1180 homines
333 1144 367 1178 an
380 1130 432 1179 sint
443 1130 537 1178 virtute
549 1129 633 1189 beati,

43 1227 68 1266 'ts
98 1221 191 1282 quidve
205 1219 236 1267 ad
251 1218 395 1279 amicitias,
409 1233 469 1266 usus
481 1226 627 1277 rectumne,
643 1218 728 1267 trahat
740 1232 802 1277 nos,

95 1315 121 1356 et
134 1322 201 1369 quae
213 1307 246 1356 sit
258 1316 352 1355 natura
364 1306 427 1355 boui
440 1321 619 1368 summumque
633 1306 694 1368 quid
709 1306 777 1356 eius.

94 1394 199 1445 Cervius
213 1395 278 1442 haec
291 1395 359 1443 iuter
371 1395 470 1443 vicinus
483 1395 564 1457 garrit
577 1395 652 1443 anilis

95 1498 128 1531 ex
141 1498 167 1532 re
180 1481 301 1531 fabellas.
329 1482 409 1544 siquis
421 1497 483 1531 nam
495 1482 584 1532 laudat
597 1483 678 1531 Arelli

96 1570 219 1619 sollicitas
231 1571 335 1633 ignarus
348 1585 422 1632 opes,
438 1571 475 1619 sic
487 1571 593 1634 incipit,
604 1562 684 1618 ‘olim

97 1660 204 1707 rusticus
216 1659 343 1707 urbanum
356 1673 455 1707 murem
468 1674 525 1707 mus
538 1673 651 1722 paupere
664 1658 744 1707 fertur

97 1747 225 1810 accepisse
238 1760 316 1807 cavo,
331 1754 443 1796 veterem
456 1755 527 1796 vetus
539 1747 633 1810 hospes
647 1747 777 1810 amicum,

97 1850 170 1899 asper
183 1845 207 1884 et
220 1842 331 1884 attentus
345 1836 481 1898 quaesitis,
495 1844 524 1884 ut
537 1843 623 1884 tamen
635 1843 721 1883 artum

96 1923 203 1973 solveret
217 1923 334 1986 hospitiis
346 1925 478 1975 animum.
505 1923 567 1986 quid
580 1922 680 1971 multa?
693 1938 778 1986 neque
790 1924 835 1975 ille

100 2010 204 2074 sepositi
217 2011 306 2060 ciceris
319 2026 367 2061 nec
379 2012 472 2076 longae
485 2012 578 2062 invidit
592 2025 701 2072 avenae,

98 2099 199 2146 aridum
215 2107 238 2148 et
252 2113 295 2148 ore
310 2099 392 2149 ferens
406 2101 509 2148 acinum
522 2113 671 2161 semesaque
684 2100 750 2148 lardi

98 2187 180 2234 frusta
192 2187 275 2246 dedit,
291 2187 395 2250 cupiens
407 2187 479 2235 varia
491 2187 597 2236 fastidia
610 2201 673 2236 cena

97 2274 197 2323 vincere
210 2275 339 2337 tangentis
352 2275 419 2324 male
431 2276 531 2339 singula
545 2277 620 2324 dente
633 2276 761 2338 superbo,

98 2377 156 2411 cum
169 2372 241 2425 pater
253 2362 308 2425 ipse
322 2363 413 2410 domus
430 2363 504 2425 palea
517 2372 649 2425 porrectus
661 2364 688 2411 in
702 2364 789 2414 horna

98 2458 161 2499 esset
174 2450 236 2498 ador
248 2450 406 2511 loliumque,
421 2450 494 2513 dapis
507 2451 615 2500 meliora
629 2451 793 2513 relinquens.

34 2546 62 2582 90
92 2538 201 2588 tandem
214 2537 328 2588 urbanus
345 2539 378 2587 ad
389 2538 458 2588 huuc
470 2531 550 2601 “quid
563 2547 587 2587 te
600 2531 688 2588 iuvat''
703 2541 807 2604 inquit,

476 2620 600 2685 “ardice,
