1770 2984
373 127 465 169 LIBER
476 129 494 168 1.
757 138 807 184 273

10 322 22 352 Ἰ
61 290 130 352 quod
146 290 219 352 petiit
232 290 342 352 spemit,
358 292 450 353 repetit
462 293 532 353 quod
545 307 625 356 nuper
639 295 742 353 omisit,

61 386 160 426 aestuat
173 387 197 426 et
210 378 276 426 vitae
289 378 446 428 disconvenit
460 381 549 430 ordine
562 391 633 441 toto,

10 473 46 530 ,oo
61 467 156 525 diruit,
171 466 305 527 aedificat,
320 474 403 516 mutat
416 469 543 531 quadrata
555 472 689 521 rotundis?

10 584 21 620 2
60 556 172 605 insanire
184 559 259 618 putas
272 555 407 604 sollemnia
419 571 460 606 me
472 573 555 621 neque
568 560 635 608 rides

10 674 18 709 t
60 660 107 694 nec
120 644 214 693 medici
227 644 309 693 credis
321 659 368 693 neo
381 646 506 695 curatoris
519 662 592 710 egere

14 712 15 717 ¹
61 751 77 783 a
89 742 207 796 praetore
221 733 290 791 dati,
307 748 392 782 rerum
406 733 487 782 tutela
499 749 614 784 mearum

10 850 12 857 ·
60 838 120 871 oum
133 823 167 871 sis
180 830 205 872 et
217 837 296 885 prave
308 828 405 872 sectum
418 824 586 874 stomacheris
598 825 630 873 ob
644 841 758 889 unguem

10 915 45 957 05
60 913 92 961 de
105 921 129 961 te
142 911 292 975 pendentis,
307 918 333 960 te
344 911 503 974 respicientis
516 913 605 963 amici.

59 1001 93 1049 ad
106 1015 248 1059 summam,
264 1000 366 1064 sapiens
379 1015 432 1050 uno
445 1002 530 1051 minor
542 1011 579 1052 eat
590 1002 666 1064 Iove,
682 1004 766 1063 dives,

59 1088 143 1150 liber,
159 1088 317 1149 honoratus,
332 1089 455 1153 pulcher,
469 1104 516 1138 rex
528 1090 638 1152 denique
651 1107 753 1156 regum,

60 1179 199 1240 praecipue
211 1191 302 1237 sanus,
317 1177 367 1227 nisi
380 1193 440 1226 cum
452 1178 546 1240 pituita
559 1179 701 1232 molestast.

416 1532 452 1583 II.

61 1708 171 1758 Troiani
184 1707 244 1757 belli
258 1708 425 1770 scriptorem,
440 1708 556 1758 Maxime
566 1709 649 1769 Lolli,

60 1797 123 1844 dum
136 1806 164 1845 tu
176 1795 306 1846 declamas
317 1796 432 1856 Romae,
447 1797 586 1846 Praeneste
597 1797 689 1861 relegi:

61 1885 105 1947 qui
121 1885 182 1946 quid
195 1887 229 1936 ait
241 1885 392 1948 pulchrum,
407 1884 470 1947 quid
483 1892 567 1948 turpe,
583 1884 645 1946 qnid
657 1886 733 1945 utile,
749 1886 811 1948 quid

417 1986 471 2022 non
480 2009 487 2034 ,

61 2063 164 2125 planius
178 2079 209 2112 ac
221 2063 313 2112 melius
325 2061 469 2126 Chrysippo
483 2068 508 2110 et
520 2060 647 2111 Crantore
660 2062 736 2114 dicit.

13 2163 31 2202 5
62 2166 108 2199 cur
121 2152 158 2199 ita
171 2151 339 2210 crediderim,
353 2151 405 2198 nisi
417 2150 479 2212 quid
492 2157 517 2200 te
530 2150 641 2210 detinet,
656 2151 729 2200 audi.

60 2240 166 2300 fabula,
182 2255 234 2302 qua
242 2238 348 2288 Paridis
360 2245 465 2301 propter
476 2247 596 2289 narratur
608 2253 721 2289 amorem

62 2326 174 2377 Graecia
186 2326 321 2377 barbariae
333 2327 403 2377 lento
416 2327 506 2378 collisa
519 2328 617 2388 duello,

61 2416 200 2465 stultorum
212 2429 303 2478 regum
316 2422 340 2465 et
352 2416 510 2480 populorum
522 2419 636 2468 continet
649 2426 747 2467 aestus.

58 2506 182 2554 Antenor
193 2513 278 2554 censet
290 2503 351 2553 belli
365 2506 510 2568 praecidere
523 2521 641 2556 causam.

10 2604 18 2640 t
56 2594 133 2656 quod
146 2593 234 2654 Paris,
248 2600 277 2642 ut
289 2593 372 2644 salvus
385 2603 473 2658 regnet
484 2594 603 2657 vivatque
616 2595 718 2654 beatus,

86 2697 208 2738 Horatius.
227 2696 345 2738 ed1111.
636 2699 667 2734 m
