1770 2984
93 181 144 229 252
378 173 561 217 snrmuauu

40 348 64 385 ao
93 353 191 402 pauper
204 329 275 388 eris.'
300 338 394 387 fortem
407 338 457 387 hoc
470 338 586 387 animum
600 337 719 388 tolerare
732 340 844 391 iubebo:

93 435 117 475 et
130 428 261 488 quondam
274 427 373 475 maiora
383 427 454 475 tulit.
481 435 508 475 tu
521 425 641 488 protinus
653 429 730 478 unde

94 515 194 563 divitias
207 515 322 577 aerisque
335 529 410 563 ruam
423 515 480 574 dic,
495 529 591 578 augur,
606 529 733 567 acervos.

93 602 162 650 ‘dixi
176 603 294 664 equidem
314 613 339 653 et
351 603 425 654 dico,
452 611 536 666 captes
549 610 647 652 astutus
660 604 768 668 ubique

94 699 247 739 testamenta
260 706 365 750 senum,
380 706 447 752 neu,
461 692 482 740 si
494 690 566 740 valer
579 706 645 740 unus
660 700 688 742 et
702 694 773 743 alter

95 779 271 828 insidiatorem
284 794 404 843 praeroso
419 779 514 844 fugerit
527 778 623 840 hamo,

96 877 140 916 aut
153 883 224 931 spem
237 869 350 930 deponas
364 876 409 917 aut
421 876 503 918 artem
515 867 615 915 inlusus
629 868 759 919 omittas.

96 970 190 1020 magna
203 957 318 1004 minorve
331 956 390 1005 foro
404 958 425 1006 si
438 971 476 1006 res
490 955 724 1017 centauream,

96 1043 162 1092 vivet
175 1052 231 1092 uter
242 1045 357 1111 locuples
370 1046 424 1094 sine
436 1045 535 1109 gnatis,
549 1044 693 1107 inprobus,
710 1045 788 1095 ultro

98 1133 141 1194 qui
155 1133 288 1182 meliorem
301 1135 388 1182 audax
401 1141 474 1182 vocet
487 1133 514 1183 in
527 1133 582 1194 ius,
597 1132 667 1181 illius
682 1141 740 1182 esto

98 1221 232 1270 defensor:
248 1222 319 1270 fama
332 1223 414 1271 civem
427 1236 556 1284 causaque
568 1221 683 1284 priorem

97 1323 202 1371 sperne,
218 1310 288 1358 domi
301 1311 322 1358 si
335 1318 427 1373 gnatus
442 1311 489 1359 erit
501 1309 642 1359 fecundave
655 1311 799 1364 coniunx.

95 1389 212 1455 “Quinte
221 1388 246 1457 ‚''
264 1407 343 1462 puta,
364 1408 409 1448 aut
421 1389 542 1446 “Publi''
561 1397 689 1462 (gaudent
710 1403 881 1462 praenomin

473 1486 562 1535 molles

99 1572 257 1636 auriculae),
271 1567 285 1585 “
295 1574 343 1624 tibi
356 1591 396 1624 me
408 1577 488 1625 virtus
501 1582 545 1624 tua
558 1574 620 1623 fecit
632 1574 770 1625 amicum:

99 1663 137 1710 ius
151 1677 245 1726 anceps
257 1663 332 1722 novi,
347 1679 436 1713 causas
449 1663 586 1712 defendere
599 1677 723 1726 possum:

61 1761 68 1770 '
101 1752 191 1815 eripiet
205 1751 288 1814 quivis
301 1752 389 1802 oculos
402 1753 478 1802 citius
491 1751 556 1800 mihi
570 1765 648 1813 quam
662 1757 689 1800 te

101 1848 277 1904 contemptum
290 1855 361 1890 cassa
374 1856 439 1890 nuce
452 1847 592 1905 pauperet:
607 1838 673 1887 haec
688 1854 750 1889 mea
764 1838 867 1903 curari,

100 1930 195 1991 nequid
208 1938 235 1977 tu
249 1932 339 1993 perdas
353 1945 402 1979 neu
415 1930 448 1978 sis
461 1920 565 1978 iocus.''
589 1928 627 1977 ire
641 1928 754 1976 domurn
769 1938 849 1993 atque

100 2018 248 2080 pelliculam
262 2034 351 2067 curare
364 2019 437 2076 iube3
453 2017 470 2066 fi
483 2017 603 2081 cognitor
616 2016 687 2078 ipsc,

100 2116 185 2167 persta
198 2115 275 2168 atque
289 2107 404 2168 obdura,
419 2121 463 2155 seu
477 2106 554 2154 rubra
567 2105 687 2153 canicula
700 2105 785 2156 findet

101 2193 207 2242 infantis
219 2202 330 2256 statuas,
345 2211 387 2245 seu
400 2195 491 2258 pingui
504 2201 586 2243 tentus
600 2207 689 2242 omaso

101 2280 193 2329 Furius
206 2282 327 2332 hibernas
341 2299 405 2332 cana
418 2284 477 2333 nive
490 2291 614 2345 conspuet
627 2281 716 2345 Alpis.

100 2368 115 2386 “
121 2384 207 2418 nonne
220 2369 310 2418 vides''
322 2372 416 2434 aliquis
428 2373 499 2420 cubit
489 2379 515 2420 to
528 2378 639 2420 stantem
651 2384 733 2433 prope
746 2378 863 2436 tangens

102 2459 215 2521 inquiet,
248 2465 332 2520 uttpa
333 2459 396 2519 iens,
411 2466 439 2508 ut
452 2459 541 2508 amieis
554 2465 642 2522 aptus,
657 2467 686 2507 ut
699 2451 799 2508 acer?’'

102 2549 188 2611 plures
201 2547 333 2594 adnabunt
346 2548 476 2596 thunnit
452 2555 476 2596 et
489 2547 583 2597 cetaria
596 2553 726 2598 crescent.

47 2644 72 2681 45
100 2637 120 2686 si
136 2636 176 2686 ciri
190 2644 323 2702 praeterea
336 2636 435 2684 validus
448 2637 514 2685 male
527 2635 594 2684 filius
607 2633 634 2682 in
647 2649 675 2683 re
