1784 3000
369 194 462 234 nunna
476 195 498 234 1.
754 199 805 248 281

58 356 184 417 quidquid
197 357 243 404 sub
257 367 324 405 terra
337 365 389 417 est,
405 359 430 406 in
445 357 563 420 apricum
575 357 688 419 proferet
701 365 786 416 aetas,

59 444 172 493 defodiet
185 445 329 507 condetque
341 445 466 496 nitentia.
483 459 541 493 cum
554 445 618 494 bene
632 455 723 494 notum

59 533 172 594 porticus
185 533 320 597 Agrippae
333 542 358 581 et
370 534 412 582 via
425 543 450 583 te
464 535 625 596 conspexerit
639 534 725 597 Appi,

60 621 96 668 ire
109 629 195 669 tamen
208 629 286 671 restat
297 621 383 670 Numa
396 635 448 684 quo
463 622 564 670 devenit
577 630 602 670 et
614 622 719 673 Ancus.

59 708 80 755 si
94 708 162 757 latus
175 717 219 756 aut
231 723 304 758 renes
318 708 409 758 morbo
423 715 581 772 temptantur
594 717 685 768 acuto,

60 811 155 858 quaere
168 796 257 860 fugam
270 797 370 847 morbi.
395 798 433 846 vis
446 804 514 846 reete
527 798 610 846 vivere
624 796 692 861 (quis
705 795 805 861 nou?):

60 887 81 933 si
94 885 174 933 virtus
186 886 236 934 hoc
249 900 301 934 una
313 893 398 949 potest
410 886 488 946 dare,
502 885 578 934 fortis
591 886 690 934 omissis

60 975 110 1022 hoc
123 988 170 1036 age
184 974 297 1025 deliciis.
324 974 444 1024 virtutem
457 974 533 1023 verba
545 982 617 1036 putes
630 983 655 1022 et

60 1062 146 1112 lucum
160 1062 245 1125 ligna:
267 1076 328 1112 cave
340 1077 373 1112 ne
385 1069 475 1126 portus
489 1070 598 1125 occupet
610 1062 691 1122 alter,

60 1166 91 1199 ne
105 1149 268 1214 Cibyratica,
284 1165 317 1199 ue
329 1151 445 1214 Bithyna
456 1151 562 1212 negotia
574 1151 680 1213 perdas,

61 1239 130 1287 mille
143 1240 241 1287 talenta
253 1238 437 1298 rotundentur,
458 1239 567 1287 totidem
580 1239 676 1300 altera,
691 1252 768 1301 porro
783 1245 810 1286 et

60 1327 137 1375 tertia
150 1328 303 1386 succedant,
319 1335 343 1376 et
356 1342 423 1389 quae
436 1341 494 1391 pars
508 1327 617 1389 quadret
629 1315 764 1377 acervum.

61 1415 160 1463 scilicet
173 1429 282 1464 uxorem
295 1430 354 1464 cum
367 1416 427 1464 dote
440 1417 568 1478 fidemque
582 1423 606 1466 et
619 1417 716 1466 amicos

62 1511 86 1554 et
99 1517 178 1568 genus
190 1511 215 1552 et
228 1503 340 1552 formam
353 1505 443 1568 regina
455 1505 569 1553 Pecunia
582 1505 662 1554 donat

62 1607 91 1640 ac
105 1592 170 1641 bene
182 1601 344 1641 nummatum
358 1593 462 1642 decorat
475 1590 585 1641 Suadela
598 1592 752 1654 Venusque.

61 1680 199 1743 mancipiis
212 1680 325 1741 locuples
338 1688 395 1743 eget
407 1681 474 1729 aeris
487 1679 674 1743 Cappadocum
686 1695 746 1730 rex:

62 1783 95 1818 ne
108 1768 186 1817 fueris
199 1769 241 1817 hic
254 1777 296 1816 tu.
324 1767 473 1831 chlamydes
485 1767 625 1826 Lucullus,
640 1776 669 1816 ut
681 1768 771 1827 aiunt,

62 1859 84 1905 si
96 1864 182 1920 posset
194 1865 296 1906 centum
310 1870 418 1905 scaenae
430 1855 553 1919 praebere
566 1864 685 1918 rogatus,

61 1946 120 2008 ‘qui
139 1960 243 2008 possum
260 1937 329 1994 tot?'
349 1945 399 1993 ait:
421 1945 521 1993 ‘tamen
533 1953 558 1993 et
571 1957 694 2005 quaeram
707 1952 732 1992 et
745 1952 811 2005 quot

436 2032 537 2082 habebo

63 2123 166 2171 mittam
175 2113 193 2170 .'
217 2132 276 2186 post
289 2122 377 2185 paullo
392 2122 480 2172 scribit
493 2120 543 2170 sibi
557 2120 756 2182 milia-quinque

63 2225 119 2261 esse
132 2211 203 2259 domi
216 2211 396 2274 chlamydum,
417 2217 518 2274 partem
531 2208 571 2258 vel
583 2208 684 2258 tolleret
696 2209 795 2258 omnis.

64 2300 139 2350 exilis
152 2301 244 2348 domus
257 2307 295 2348 est
308 2300 352 2348 ubi
365 2314 418 2349 nou
431 2306 455 2348 et
467 2297 550 2346 multa
562 2306 697 2360 supersunt

63 2398 88 2438 et
101 2389 238 2437 dominum
251 2377 382 2437 fallunt‘et
393 2393 500 2449 prosunt
512 2385 627 2434 furibus.
655 2400 716 2449 ergo

64 2479 85 2526 si
95 2492 135 2526 res
149 2476 205 2526 sola
217 2484 303 2539 potest
316 2475 400 2525 lacere
413 2483 438 2525 et
450 2489 549 2524 servare
563 2474 683 2534 beatum,

64 2567 116 2614 hoc
128 2565 225 2628 primus
237 2573 337 2627 repetas
350 2579 430 2628 opus,
445 2565 496 2613 hoc
508 2571 653 2626 postremus
667 2563 784 2610 omittas.

63 2655 84 2705 si
98 2654 261 2703 fortunatum
274 2653 375 2719 species
389 2662 415 2705 et
426 2653 518 2719 gratia
527 2658 673 2714 praestat,
