1770 2984
397 196 562 237 crumilum

421 517 514 566 xvm
523 559 528 570 .

102 769 219 828 Nullam,
234 767 316 829 vare,
332 783 404 818 sacra
415 769 466 817 vite
479 769 549 831 prius
562 767 656 816 severis
668 766 796 816 arborem

99 858 170 906 circa
182 858 244 907 mite
256 857 341 906 solum
353 857 458 906 Tiburis
471 865 496 905 et
508 856 612 905 moenia
625 853 720 904 Catili.

99 947 174 995 siccis
186 946 275 994 omnia
286 961 347 994 nam
360 945 424 994 dura
437 946 498 994 deus
510 945 659 1008 proposuit,
674 957 763 1006 neque

100 1036 233 1083 mordaces
245 1033 318 1082 aliter
330 1033 469 1096 diffugiunt
481 1033 678 1082 sollicitudines.

100 1176 156 1237 quis
168 1182 226 1238 post
238 1175 298 1223 vina
312 1189 416 1237 gravem
429 1174 551 1224 militiam
563 1180 609 1223 aut
620 1173 776 1237 pauperiem
789 1188 835 1224 cre

99 1264 156 1324 quis
169 1277 222 1310 uon
234 1264 370 1326 topatius,
382 1263 484 1312 Bacche
496 1269 581 1326 pater,
591 1268 680 1323 teque,
694 1261 859 1313 decensVon

99 1366 129 1399 ac
142 1366 174 1400 ne
188 1351 245 1413 quis
257 1351 354 1399 modici
366 1350 495 1400 transiliat
507 1363 615 1398 munera
626 1349 728 1407 Liberi,

100 1438 244 1488 Centaurea
256 1446 344 1487 monet
357 1454 416 1487 cum
427 1439 546 1502 Lapithis
559 1438 617 1486 rixa
630 1450 706 1500 super
718 1451 795 1486 mero

98 1580 237 1641 debellata,
252 1587 341 1628 monet
353 1578 478 1628 Sithoniis
490 1593 544 1627 non
556 1577 619 1627 levis
632 1577 747 1636 Euhius,

99 1683 157 1716 cum
171 1667 210 1717 fas
222 1674 301 1730 atque
312 1667 385 1716 nefas
398 1668 493 1731 exiguo
506 1667 556 1716 fine
568 1666 706 1715 libidinum

29 1760 31 1762 ’
96 1756 242 1805 discernunt
255 1755 337 1805 avidi.
365 1770 418 1804 non
431 1771 479 1821 ego
493 1763 531 1817 tc,
547 1755 656 1805 candide
668 1754 817 1818 Bassareu,

94 1844 205 1892 invitum
218 1844 334 1907 quatiam
346 1858 395 1893 nec
407 1845 483 1894 variis
497 1845 580 1894 obsita
592 1842 727 1892 frondibus

95 1985 141 2033 sub
155 1986 242 2034 divum
254 1987 368 2050 rapiam.
397 2002 472 2035 saeva
484 1994 543 2036 tene
555 2001 614 2035 cum
627 1986 785 2049 Berecyntio

95 2087 175 2121 cornu
187 2080 324 2137 tympana,
340 2089 406 2136 quae
419 2075 583 2137 subsequitur
596 2089 687 2123 caecus
700 2089 777 2124 amor
787 2079 848 2141 ani,

42 2167 66 2204 15
95 2169 119 2209 ct
132 2161 224 2210 tollens
237 2176 346 2210 vacuum
358 2163 415 2225 plus
427 2163 509 2211 nimio
522 2163 606 2226 gloria
618 2161 756 2223 verticem,
877 2168 879 2213 l

93 2249 232 2312 arcanique
245 2250 306 2298 fides
318 2251 442 2314 prodiga,
456 2251 613 2313 perlucidior
624 2251 705 2299 vitro.
