1770 2984
360 185 497 226 Pouuma.

58 347 113 410 ipse
126 347 174 395 sibi
188 347 266 395 tradit
279 356 418 411 spectator.
440 359 593 400 nontamen
607 351 675 400 intus

57 435 137 499 digna
150 437 202 500 geri
217 451 319 499 promes
332 437 359 485 in
372 453 502 499 scaenam,
519 440 653 502 multaque
667 440 741 490 tolles

55 541 88 574 ex
102 525 184 574 oculis
196 541 263 588 quae
276 541 338 574 mcx
351 535 437 575 narret
450 527 573 577 facundia
586 545 721 592 praesenst

10 617 39 657 85
55 629 88 663 ne
101 629 194 676 pueros
207 596 294 663 coram
307 615 406 679 populo
419 616 510 666 Medea
522 619 646 679 trucidet,

56 711 101 752 aut
114 705 228 752 humana
241 705 329 768 palam
342 713 438 768 coquat
450 713 510 755 exta
522 705 636 755 nefarius
649 707 758 767 Atreus,

55 800 101 841 aut
114 793 141 842 in
154 808 227 862 avem
240 795 339 842 Procne
352 801 479 854 vertatur,
495 793 608 844 Cadmus
621 796 648 843 in
662 811 786 860 anguem.

21 914 23 918 Α
55 882 236 944 quodcumque
250 883 361 932 ostendis
374 883 439 931 mihi
451 884 496 942 sic,
511 884 658 933 incredulus
670 885 727 933 cdi.

54 985 119 1018 neve
132 971 217 1019 minor
229 986 280 1020 nen
294 972 328 1020 sit
340 974 430 1035 quinto
444 973 595 1036 productior
609 982 668 1022 actu

10 1064 40 1105 ⁹0
54 1060 144 1108 sabula
157 1074 223 1122 quae
236 1061 308 1123 posci
321 1061 375 1109 volt
387 1069 412 1111 et
424 1069 538 1125 spectata
551 1062 658 1126 reponi.
747 1087 750 1090 ·

54 1163 102 1196 nec
115 1149 176 1197 deus
189 1150 291 1198 intersit
303 1138 351 1198 nisi
364 1150 456 1215 dignus
468 1151 570 1200 vindice
582 1151 665 1199 nodus

54 1237 191 1297 inciderim
207 1252 255 1286 nec
268 1246 360 1301 quarta
372 1239 444 1302 loqui
457 1254 569 1302 persona
583 1239 697 1290 laboret.
720 1229 721 1232 ¹

56 1327 152 1376 actoris
164 1328 245 1390 partis
258 1319 352 1377 chorus
365 1327 534 1391 officiumque
547 1329 620 1377 virile

55 1415 194 1476 defendat,
208 1430 258 1465 neu
272 1415 334 1479 quid
347 1418 444 1467 medios
456 1418 596 1468 intercinat
608 1424 680 1467 actus

14 1509 40 1548 95
56 1506 126 1566 quod
139 1518 190 1553 non
205 1505 338 1569 proposito
352 1507 479 1556 conducat
492 1514 516 1555 et
528 1508 633 1556 haereat
646 1515 720 1570 apte.

56 1594 102 1642 ille
115 1594 189 1642 bonis
202 1593 338 1656 faveatque
351 1601 376 1643 et
389 1594 537 1642 consilietur
550 1595 633 1644 amice

55 1691 80 1732 ct
93 1690 165 1748 regat
177 1682 255 1731 iratos
269 1689 293 1730 et
306 1689 375 1730 amet
387 1696 480 1744 pacare
493 1683 631 1742 tumentis,

55 1771 100 1820 ille
114 1773 192 1834 dapes
205 1770 291 1819 laudet
305 1784 409 1818 mensae
422 1770 520 1828 brevis,
536 1769 579 1819 ille
592 1769 720 1818 salubrem

55 1860 182 1927 iustitiam
195 1860 315 1923 legesque
328 1866 353 1908 et
366 1859 461 1921 apertis
474 1858 529 1907 otia
540 1858 636 1921 portis,

10 1955 41 1991 too
55 1948 101 1997 ille
113 1956 183 2011 tegat
196 1947 325 1995 conmissa
338 1947 450 2009 deosque
463 1954 581 2011 precetur
594 1954 619 1995 et
632 1952 688 1994 oret

56 2044 85 2084 ut
96 2036 183 2084 redeat
197 2036 311 2096 miseris,
326 2034 401 2084 abeat
413 2035 519 2084 fortuna
531 2033 662 2097 superbis.

55 2124 120 2174 tibia
132 2139 186 2173 non
199 2132 228 2173 ut
239 2139 308 2173 nunc
322 2123 454 2173 orichalco
466 2125 553 2173 vincta
566 2123 693 2187 tubaeque

56 2213 174 2273 aemula,
189 2213 232 2262 sed
245 2213 329 2263 tenuis
343 2211 506 2275 simplexque
519 2212 647 2261 foramine
660 2226 743 2276 pauco

57 2302 187 2365 adspirare
202 2310 226 2351 et
240 2303 327 2350 adesse
341 2301 426 2350 choris
440 2309 495 2350 erat
508 2301 578 2350 utilis
590 2308 667 2364 atque

10 2395 41 2433 tos
55 2392 171 2440 nondum
185 2392 266 2454 spissa
279 2390 356 2439 nimis
368 2388 488 2453 conplere
500 2389 591 2438 sedilia
603 2389 679 2439 flatu:

56 2495 108 2542 quo
121 2495 183 2529 sane
196 2480 307 2543 populus
319 2477 499 2540 numerabilis,
514 2485 602 2541 utpote
614 2493 721 2541 parvae,

56 2577 80 2617 et
93 2568 162 2632 frugi
175 2576 309 2630 castusque
322 2569 528 2630 verecundusque
541 2567 641 2616 coibat.

52 2666 191 2720 postquam
205 2657 292 2722 coepit
305 2671 381 2724 agros
395 2656 539 2709 extendere
548 2656 636 2704 nister
649 2652 765 2698 etnim

69 2760 199 2803 Horatlus.
213 2764 253 2805 ad.
267 2765 333 2806 1111.
622 2757 653 2794 Ὦ
