1770 2984
118 197 169 246 325
302 139 311 156 υ
382 188 599 232 EPISTULARUM

119 360 241 411 adsciscet
252 369 335 415 nova,
350 368 416 417 quae
428 352 530 417 genitor
542 354 697 419 produxerit
709 369 784 404 usus.

67 460 108 498 120
119 461 222 499 vemens
233 453 259 494 et
269 443 382 506 liquidus
396 456 512 507 puroque
524 443 674 492 simillimus
687 443 759 492 amni

119 536 211 585 fundet
223 547 284 597 opes
296 531 452 594 Latiumque
464 531 552 582 beabit
564 531 645 580 divite
658 531 765 596 lingua3

119 622 279 674 luxuriantia
291 627 443 684 conpescet,
457 620 535 670 nimis
547 633 636 682 aspera
649 635 715 669 sano

119 713 217 763 levabit
227 711 313 770 cultu,
328 709 421 759 virtute
434 709 549 757 carentia
561 708 649 768 tollet,

119 801 231 852 ludentis
244 799 356 863 speciem
370 797 440 846 dabit
453 805 477 847 et
489 796 652 860 torquebitur
664 778 693 848 ut
706 799 754 861 qni

68 902 107 943 rat
120 904 191 940 nunc
204 897 334 952 satyrum,
348 901 417 935 nunc
430 894 555 950 agrestem
568 885 677 950 cyclope
689 896 821 940 movetur.

121 977 286 1042 praetulerim
299 975 408 1039 scriptor
420 974 515 1024 delirus
526 975 647 1036 inersque
659 975 758 1035 videri,

121 1068 183 1115 dum
195 1080 253 1115 mea
266 1065 393 1113 delectent
405 1063 475 1112 mala
487 1077 528 1112 me
540 1062 580 1112 vel
593 1063 705 1126 denique
718 1063 820 1126 fallant,

122 1169 202 1216 quam
214 1167 303 1217 sapere
315 1160 340 1201 et
352 1151 437 1216 ringi?
455 1151 504 1200 fuit
517 1139 586 1200 haud
599 1151 721 1215 ignobilis
734 1152 811 1217 Argis

123 1243 167 1304 qui
180 1256 207 1291 se
220 1241 339 1290 credebat
351 1241 430 1290 miros
443 1239 532 1289 audire
544 1241 682 1304 tragoedos

71 1342 109 1381 rso
122 1331 150 1379 in
162 1345 244 1379 vacuo
257 1329 338 1379 laetus
350 1343 430 1378 sessor
442 1329 596 1392 plausorque
608 1329 725 1389 theatr03

123 1425 208 1468 cetera
221 1419 266 1481 qui
278 1419 345 1468 vitae
359 1427 469 1467 servaret
482 1418 572 1466 munia
585 1423 655 1466 recto

122 1521 210 1566 more,
225 1506 308 1556 bonus
320 1505 504 1565 sansucium,
519 1505 638 1554 amabilis
651 1507 762 1570 hospes,

123 1597 204 1645 comis
216 1595 244 1644 in
257 1609 383 1654 uxorem,
397 1600 483 1658 posset
497 1595 541 1657 qui
554 1595 688 1658 ignoscere
703 1595 782 1643 servis

124 1693 149 1734 et
161 1686 233 1749 signo
247 1685 316 1733 laeso
331 1697 384 1732 non
398 1682 512 1732 insanire
524 1683 647 1747 lagenae,

72 1785 110 1823 135
126 1782 210 1838 posset
223 1775 268 1836 qui
282 1787 372 1835 rupem
385 1779 410 1821 et
422 1778 530 1835 puteum
542 1772 621 1820 vitare
634 1779 780 1834 petentem.

125 1865 167 1912 hic
180 1863 225 1911 ubi
238 1870 408 1927 cognatorum
420 1861 512 1924 opibus
524 1861 642 1922 curisque
654 1859 765 1909 refectus

125 1951 224 2015 expulit
236 1950 348 1999 elleboro
361 1950 480 1998 morbum
493 1950 622 2010 bilemque
635 1962 738 1996 meraco

126 2048 150 2088 et
163 2039 229 2089 redit
241 2040 273 2088 ad
287 2054 355 2100 sese,
369 2038 425 2101 ‘pol
438 2053 480 2085 me
493 2037 635 2095 occidistis,
651 2037 743 2094 amici,

125 2141 178 2176 non
191 2119 319 2176 servastis’
332 2129 383 2189 ait,
397 2121 452 2175 ‘cui
466 2126 502 2175 sio
515 2133 616 2174 extorta
629 2124 747 2186 voluptas

73 2225 112 2262 110
127 2223 153 2264 et
165 2216 283 2279 demptus
295 2216 404 2278 pervim
416 2214 510 2264 mentis
523 2215 680 2280 gratissimus
693 2204 785 2262 error.’

125 2303 249 2353 nimirum
262 2318 350 2366 sapere
363 2312 399 2353 est
412 2303 518 2352 abiectis
531 2302 595 2353 utile
607 2303 691 2364 engle,

126 2400 151 2441 et
163 2391 343 2454 tempestivum
355 2393 440 2453 pueris
452 2391 592 2440 concedere
604 2390 710 2448 ludum⁷

126 2496 156 2530 ac
168 2494 221 2530 non
234 2479 313 2528 verba
324 2480 394 2541 sequi
408 2480 501 2529 fidibus
514 2479 671 2528 modulanda
683 2477 795 2537 Latinis,

126 2569 170 2617 sed
183 2582 258 2617 verae
270 2581 442 2629 numerosque
455 2569 597 2630 modosque
610 2567 719 2615 ediscere
733 2566 812 2614 vitae.

64 2662 106 2703 115
120 2657 245 2724 quocirca
257 2672 363 2711 meeum
375 2655 472 2723 loquor
481 2656 553 2705 baec
562 2655 710 2713 tacitusque
717 2656 856 2701 recordor:
