1770 2984
117 200 168 248 302
382 191 600 234 EPISTULARUM

116 358 160 405 hic
173 357 239 405 subit
251 363 276 405 et
288 357 399 420 perfert.
427 363 472 405 aut
484 357 562 404 virtus
574 370 673 409 nomen
686 357 801 418 inanest,

118 453 162 492 aut
175 445 252 493 decus
266 451 291 493 et
302 446 413 508 pretium
426 453 494 494 recte
508 444 572 509 petit
583 445 723 507 experiens
736 448 787 496 vir.

117 547 205 580 coram
218 547 277 597 rege
290 548 335 582 sna
348 534 379 582 de
391 540 542 596 paupertate
553 539 670 582 tacentes

118 620 176 684 plus
189 628 309 683 poscente
322 621 416 671 serent.
445 622 523 670 distat
534 634 653 670 sumasne
667 623 797 685 pudenter
874 652 877 659 ·

66 717 91 755 st
119 724 152 757 an
165 711 265 772 rapias:
287 710 361 773 atqui
373 724 459 759 rerum
471 717 550 772 caput
562 709 613 758 hoc
626 718 698 771 erat,
715 711 760 761 hic
772 711 840 761 fons.

118 798 249 847 ‘indotata
261 799 326 847 mihi
339 812 412 847 soror
423 805 476 858 est,
491 797 649 861 paupercula
663 807 766 861 mater,

120 894 144 936 et
157 887 251 935 fundus
264 901 312 936 nec
324 886 459 936 vendibilis
470 902 518 936 nec
530 901 633 950 pascere
646 879 752 937 firmns'

119 977 163 1038 qui
177 976 255 1035 dicit,
270 975 365 1023 clamat
376 974 487 1024 ‘victum
500 976 559 1024 date
568 976 586 1023 .'
609 976 721 1025 succinit
735 977 803 1027 alter

118 1066 157 1113 ‘et
170 1064 236 1113 mihi
249 1064 353 1112 dividuo
367 1063 477 1112 findetur
489 1077 594 1112 munere
608 1063 708 1126 quadra
717 1065 736 1110 .²

66 1158 91 1197 to
119 1153 163 1201 sed
175 1152 269 1201 tacitus
281 1152 351 1214 pasci
364 1152 384 1201 si
397 1157 482 1214 posset
495 1165 600 1212 corsus,
616 1150 724 1201 haberet

119 1241 176 1304 plus
189 1240 261 1304 dapis
274 1247 299 1288 et
311 1239 385 1288 rixae
398 1239 480 1288 multo
494 1239 578 1288 minus
590 1238 777 1301 invidiaeque.

119 1329 286 1378 Brundisium
303 1342 388 1376 comes
401 1335 446 1376 aut
459 1325 610 1377 Surrentum
624 1327 715 1376 ductus
728 1341 863 1379 amoenum

121 1418 165 1480 qui
179 1417 294 1480 queritur
305 1415 417 1465 salebras
429 1422 454 1465 et
467 1416 588 1464 acerbum
601 1415 682 1480 frigus
695 1422 719 1465 et
732 1416 839 1478 imbris,

122 1513 165 1554 aut
178 1505 268 1554 cistam
282 1503 415 1554 effractam
427 1512 452 1553 st
464 1504 590 1553 subducta
602 1503 697 1552 viatica
710 1503 814 1567 plorat,

69 1599 93 1640 st
121 1603 183 1643 nota
197 1593 274 1643 refert
286 1592 426 1642 meretricis
438 1594 575 1653 acumina,
590 1606 666 1655 saepe
680 1592 820 1653 catellam,

121 1698 196 1747 saepe
210 1681 387 1745 periscelidem
399 1689 500 1742 raptam
512 1681 561 1730 sibi
574 1680 672 1741 flentis,
687 1681 725 1730 uti
739 1696 803 1731 mox

121 1772 191 1820 nulla
204 1771 264 1820 fides
277 1769 377 1818 damnis
390 1769 507 1832 verisque
521 1769 653 1818 doloribus
666 1769 750 1818 adsit.

121 1875 168 1909 nec
182 1858 260 1908 semel
273 1858 367 1906 inrisus
379 1857 460 1904 triviis
473 1856 591 1906 attollere
604 1865 677 1906 curat

122 1948 204 1997 fracto
219 1960 291 1995 crure
304 1945 424 2009 planum.
452 1945 512 1994 licet
524 1945 564 1994 illi
575 1945 688 2008 plurima
701 1955 791 1996 manet

69 2042 94 2080 ao
121 2036 244 2095 lacrima,
258 2049 304 2098 per
316 2041 432 2083 sanctum
444 2033 543 2082 iuratus
555 2034 624 2082 dicat
636 2031 733 2081 Osirim

122 2124 245 2183 ‘credite,
260 2136 313 2171 non
325 2120 402 2170 ludo:
424 2120 554 2182 crudeles,
569 2121 655 2170 tollite
668 2121 788 2169 claudum
798 2113 815 2168 :³

122 2210 230 2271 ‘quaere
242 2210 420 2274 peregrinum’
431 2210 526 2258 vicinia
538 2224 618 2258 rauca
631 2209 769 2258 reclamat.
