1784 3000
117 210 169 259 292
385 200 602 244 EPISTULARUM

118 380 185 429 quae
198 379 268 415 mare
284 371 439 428 conpescunt
452 377 561 424 causae,
576 364 639 426 quid
652 370 777 428 temperet
791 380 869 414 annm

117 454 206 504 stellae
218 459 309 516 sponte
321 467 368 502 sua
379 453 497 500 iussaene
510 459 634 515 vagentur
647 458 672 500 et
686 460 787 514 errent,

118 542 181 605 quid
194 549 293 606 premat
306 540 444 590 obscurum
457 539 549 600 lunae,
564 539 627 601 quid
640 539 769 602 proferat,
787 542 869 591 orben

120 629 182 693 quid
195 629 256 679 velit
267 636 293 678 et
305 629 385 691 possit
397 642 484 677 rerum
496 629 637 677 concordie
649 628 762 690 discors,

66 727 92 767 to
119 717 289 782 Empedocles
302 731 336 766 an
349 715 501 766 Stertinium
514 716 604 765 deliret
617 730 739 768 acumen.

120 821 208 857 verum
223 820 269 856 seu
280 805 358 870 piscis
370 819 414 854 seu
427 818 533 868 porrum
546 811 571 853 et
584 818 663 867 caepe
676 805 807 867 trucidas,

119 902 191 944 utere
204 893 329 957 Pompeio
343 891 481 955 Grospho,
496 899 536 953 et,
550 892 637 955 siquid
650 900 734 957 petet,
750 894 822 944 ultro

120 982 205 1032 defer:
221 982 259 1030 nil
274 980 406 1044 Grosphus
418 980 470 1029 nisi
482 994 570 1029 verum
583 980 669 1030 orabit
682 989 707 1031 et
721 996 852 1045 aequum.

120 1071 178 1120 vilis
192 1070 338 1120 amicorum
351 1077 387 1118 est
400 1081 520 1126 annona,
536 1068 611 1117 bonis
623 1069 668 1117 ubi
682 1069 743 1131 quid
758 1070 829 1120 dest.

67 1167 92 1207 to
119 1174 153 1209 ne
166 1167 253 1209 tamen
268 1159 371 1222 ignores
384 1170 435 1219 quo
449 1157 482 1206 sit
494 1155 613 1205 Romana
626 1157 683 1206 loco
697 1171 752 1218 res,

121 1246 251 1297 Cantaber
265 1245 413 1310 Agrippae,
430 1242 523 1294 Claudi
535 1245 628 1294 virtute
641 1244 750 1294 Neronis

121 1335 259 1384 Armenius
275 1333 382 1392 cecidit3
398 1331 641 1395 ius'imperiumque
653 1332 779 1383 Phraates

120 1420 239 1472 Caesaris
256 1421 355 1484 accepit
366 1420 475 1484 genibus
487 1420 588 1481 minor;
603 1435 681 1470 aurea
694 1420 779 1486 fruges

120 1508 213 1559 Italiae
225 1510 301 1573 pleno
315 1507 435 1557 defundit
453 1506 537 1572 Copia
551 1522 643 1558 cornu.

458 1823 538 1874 XIII.

125 2038 159 2089 Ut
172 2038 377 2102 proticiscentem
391 2037 467 2086 docui
481 2043 505 2086 te
518 2052 596 2101 saepe
609 2038 720 2100 diuque,

126 2125 244 2191 Augusto
259 2125 348 2175 reddes
361 2125 462 2190 signata
473 2125 621 2187 volumina,
636 2125 716 2185 Vini,

124 2215 144 2262 si
158 2214 271 2274 validus,
286 2214 307 2262 si
320 2214 402 2263 laetus
415 2215 478 2274 erit,
494 2214 515 2263 si
528 2213 641 2276 deniqne
654 2224 755 2277 poscet;
849 2240 853 2247 ·

125 2315 157 2350 ne
170 2301 254 2349 studio
268 2303 349 2350 nostri
361 2317 452 2366 pecces
466 2302 607 2364 odiumque
618 2300 713 2352 libellis

85 2398 98 2437 t
127 2387 229 2437 sedulus
242 2388 357 2451 inportes
370 2405 449 2454 opera
461 2390 611 2441 vehemente
623 2390 757 2441 minister.
855 2446 860 2451 ,

126 2478 148 2526 si
160 2484 186 2526 te
198 2475 265 2525 forte
278 2490 350 2527 meae
363 2477 448 2540 gravis
460 2485 517 2528 urst
529 2478 631 2528 sarcina
642 2477 765 2539 chartae,
817 2488 821 2493 '
845 2462 869 2549 ᾗ

118 2565 220 2618 abicito
232 2565 322 2631 potius
336 2581 416 2633 quam
428 2580 481 2632 quo
494 2566 609 2632 perferre
620 2566 720 2619 iuberis
763 2592 779 2615 .·

104 2655 225 2711 clitellas
239 2659 313 2714 ferus
327 2659 454 2730 inpingas
467 2657 773 2721 terramtenus·
782 2678 801 2711 ··:.¹
