1784 3000
374 179 466 219 LIBER
477 181 500 218 1.
753 187 804 233 219

57 342 93 390 ‘si
107 339 170 390 bene
184 357 224 390 me
237 342 314 401 nori,
330 356 382 389 non
397 342 504 390 Viscum
516 342 596 405 pluris
609 343 736 400 amicum,

57 444 111 478 non
125 430 234 478 Varium
247 429 342 479 facies:
358 445 419 479 nam
432 431 489 492 quis
501 445 542 480 me
555 429 665 479 scribere
679 430 758 493 pluris

57 528 103 566 aut
115 518 190 566 citius
202 518 283 580 possit
295 519 398 567 versus?
411 519 468 580 quis
481 519 595 568 membra
608 532 709 568 movere

10 614 28 652 tt
57 606 180 654 mollius?
192 606 306 655 invideat
319 608 389 669 quod
402 615 427 655 et
438 606 612 670 Hermogenes
625 621 672 670 ego
686 614 762 656 canto
771 599 786 658 ‚³

57 695 240 758 interpellandi
253 695 325 743 locus
337 695 381 743 hic
393 703 461 744 erat:
477 695 586 744 ‘esttibi
598 704 695 754 mater,

57 784 176 846 cognati,
192 784 248 845 qnis
261 793 285 832 te
299 783 368 831 salvo
382 791 420 830 est
433 772 527 846 opusi’
539 775 621 830 ‘haud
634 783 700 832 mihi
713 785 856 847 quisquam.

58 871 142 919 omnis
154 871 280 934 conposui
288 862 305 920 ‚³
326 863 444 920 ‘felicesi
460 885 528 919 nunc
541 885 588 935 ego
601 879 681 920 resto.

58 959 170 1007 confice:
186 975 299 1022 namque
312 961 390 1008 instat
403 959 486 1007 fatum
501 959 567 1007 mihi
580 959 667 1018 triste,
683 959 786 1008 Sabella

10 1057 30 1095 30
59 1048 129 1111 quod
143 1062 222 1110 puero
236 1049 330 1096 cecinit
343 1048 430 1095 divina
443 1054 513 1095 mota
526 1061 590 1094 anus
603 1062 682 1096 urna:

56 1137 126 1184 hunc
139 1150 222 1198 neque
236 1136 293 1183 dira
306 1150 421 1194 venena,
436 1150 484 1184 nec
497 1135 612 1185 hosticus
625 1135 725 1184 auferet
737 1137 817 1194 ensis,

55 1240 104 1274 nec
116 1224 226 1273 laterum
240 1224 313 1271 dolor
327 1231 371 1270 aut
384 1223 474 1283 tussis,
489 1223 623 1272 nectardo
636 1224 765 1287 podagra:

56 1313 174 1376 garrulus
187 1312 255 1359 hunc
269 1311 373 1373 quando
388 1321 518 1360 consumet
530 1326 655 1374 eumque:
671 1311 801 1375 loquacis,

56 1401 77 1449 si
90 1400 187 1463 sapiat,
202 1400 264 1448 vitet
277 1399 353 1447 simul
367 1407 444 1463 atque
457 1400 597 1450 adoleverit
608 1391 701 1450 aetas.'

10 1496 29 1536 35
56 1496 161 1536 ventum
174 1495 228 1536 erat
240 1487 272 1535 ad
286 1487 394 1549 Vestae,
409 1497 501 1550 quarta
512 1489 565 1537 iam
577 1496 649 1552 parte
662 1490 714 1538 diei

57 1576 212 1639 praeterita,
228 1584 252 1625 et
265 1591 325 1626 casu
339 1584 393 1624 tum
407 1577 558 1640 respondere
570 1577 664 1626 vadato

58 1664 182 1724 debebat3
199 1665 309 1726 quodni
327 1664 442 1723 fecisset,
458 1664 563 1727 perdere
574 1664 662 1714 litem.

57 1752 93 1800 ‘si
106 1767 147 1801 me
160 1753 245 1800 arnas'
256 1752 356 1814 inquit,
371 1751 501 1814 ‘paullum
513 1751 557 1800 hic
569 1750 656 1800 ades.²
677 1752 814 1802 ‘inteream
827 1752 847 1800 si

59 1849 104 1888 aut
116 1840 188 1890 valeo
202 1848 267 1890 stare
281 1848 325 1889 aut
337 1839 397 1888 novi
411 1839 496 1887 civilia
508 1839 578 1886 iura:

10 1938 31 1976 to
59 1937 84 1978 et
98 1942 207 1991 propero
221 1942 273 1990 quo
287 1927 359 1978 scis.³
378 1927 484 1976 ‘dubius
496 1941 552 1975 snm
565 1926 629 1988 quid
641 1918 748 1976 faciam'
761 1928 858 1989 inquit,

57 2016 279 2078 ‘tenerelinquam
288 2030 382 2065 aurem
392 2016 410 2067 .'
421 2017 489 2075 ‘me,
505 2015 578 2064 sodes
585 2014 602 2063 .'
614 2006 858 2076 ‘nonfaciam'ille‚

59 2113 84 2154 et
97 2105 249 2168 praecedere
262 2105 361 2167 coepit.
388 2118 451 2166 ege,
466 2112 495 2152 ut
507 2102 661 2152 contendere
674 2103 789 2153 durumst

60 2208 120 2240 cum
132 2192 245 2252 victore,
259 2206 367 2255 sequor.
393 2193 546 2240 ‘Maecenas
561 2190 691 2255 quomodo
704 2198 788 2240 tecum
797 2183 819 2238 ?'

59 2281 120 2328 hinc
133 2280 239 2344 repetit:
259 2280 417 2344 ‘paucorum
430 2280 566 2329 hominum
579 2287 604 2329 et
615 2279 708 2329 mentis
720 2280 785 2330 bene

415 2382 505 2418 sanae.

10 2466 34 2504 tt
63 2471 140 2506 nemo
154 2457 283 2506 dexterius
296 2455 401 2504 fortuna
414 2466 450 2506 est
463 2471 535 2505 usus.
560 2456 667 2507 haberes

60 2560 185 2608 magnum
199 2544 357 2602 adiutorem,
373 2552 457 2605 posset
470 2544 516 2606 qui
529 2543 593 2593 serre
605 2545 746 2604 secundas¹

58 2633 129 2680 irone
141 2631 277 2681 hominem
290 2630 367 2683 relies
379 2632 402 2682 si
414 2631 533 2685 tradere.
562 2632 716 2695 discerem
723 2629 757 2672 n'x
