1770 2984
121 189 171 235 222
404 182 582 225 sarmarum

122 355 159 394 est
171 346 295 394 brevitate
309 360 388 409 opus,
402 354 431 395 ut
444 355 530 395 currat
542 347 668 395 sententia
681 362 734 397 uen
747 364 776 398 se

67 445 92 481 10
119 434 235 496 inpediat
246 433 329 482 verbis
341 435 419 482 lassas
433 434 599 483 onerantibus
612 436 698 496 auris,

120 530 144 569 et
156 536 272 570 sermone
285 536 349 584 opus
361 530 398 570 est
410 523 488 569 modo
501 523 582 582 tristi,
598 537 674 585 saepe
686 524 799 588 iocoso,

119 609 271 659 defendente
284 609 367 659 vicem
380 611 457 659 modo
471 611 580 660 rhetoris
593 620 670 674 atque
684 622 799 675 poetae,

118 698 246 747 interdum
258 699 365 758 urbani,
380 700 508 762 parcentis
520 700 616 748 viribus
629 707 707 761 atque

119 787 280 836 extenuantis
293 802 335 837 eas
348 788 480 839 consulto.
507 788 645 836 ridiculum
658 787 713 837 acri

65 888 90 924 1⁶
118 876 211 924 fortius
225 884 249 925 et
261 875 352 925 melius
365 891 472 941 magnas
485 876 635 938 plerumque
648 883 718 926 secat
730 892 786 928 res.

117 964 156 1011 illi
169 964 264 1027 scripta
277 964 371 1026 quibus
384 964 518 1014 comoedia
530 964 614 1027 prisca
626 964 686 1013 viris
700 973 738 1014 est

118 1054 167 1100 hoc
180 1053 295 1113 stabant,
310 1053 360 1102 hoo
372 1061 431 1102 sunt
443 1052 578 1102 imitandi:
595 1067 659 1115 quos
671 1067 758 1116 neque
772 1057 884 1119 pulcher

117 1142 292 1206 Hermogenes
304 1156 427 1203 nmquam
439 1141 501 1205 legit
513 1155 597 1203 neque
610 1141 699 1190 simius
711 1141 760 1192 iste

117 1229 154 1277 nil
167 1238 268 1291 praeter
281 1229 389 1280 Calvum
402 1238 426 1279 et
439 1229 529 1279 doctus
542 1236 646 1279 cantare
660 1228 815 1286 Catullum.

65 1327 90 1364 ao
117 1316 156 1363 ‘at
169 1333 291 1381 magnum
304 1318 366 1367 fecit
378 1318 448 1379 quod
460 1319 543 1367 verbis
556 1317 656 1367 Graeca
668 1317 774 1368 Latinis

116 1397 244 1453 miscuit.²
267 1420 283 1454 o
296 1407 345 1455 seri
357 1406 514 1466 studiorum,
530 1407 608 1470 quine
620 1406 717 1469 putetis

117 1493 222 1543 difficile
235 1502 259 1543 et
271 1496 380 1554 mirum,
394 1494 497 1543 Rhodio
512 1495 580 1557 quod
593 1494 757 1545 Pitholeonti

116 1581 241 1645 contigit?
257 1573 296 1632 ‘at
309 1597 392 1632 sermo
405 1583 494 1647 lingua
507 1583 647 1633 concinnus
660 1591 771 1645 utraque

116 1671 234 1731 suavior,
249 1678 278 1720 ut
290 1670 355 1720 Chio
368 1679 432 1721 nota
443 1673 464 1720 si
478 1671 619 1721 commixta
631 1671 759 1720 Falernist
767 1664 784 1724 .’

63 1769 88 1807 te
117 1774 175 1807 cnm
188 1774 273 1809 versus
286 1761 381 1820 facias,
395 1762 519 1823 teipsum
533 1768 687 1823 percontor,
703 1776 736 1809 au
750 1769 849 1812 etcum

116 1847 179 1895 dura
192 1848 238 1896 tibi
251 1850 396 1913 peragenda
408 1850 445 1900 rei
458 1849 491 1896 sit
503 1863 580 1898 causa
592 1847 697 1897 Petilli?

115 1936 211 1985 scilicet
224 1937 317 1984 oblitos
330 1937 479 2000 patriaeque
493 1938 622 2000 patrisque
635 1937 740 1997 Latini,

116 2039 174 2071 cum
187 2024 280 2072 Pedius
293 2040 381 2075 causae
395 2026 501 2075 exsudet
513 2025 648 2089 Poplicola
661 2033 739 2086 atque

115 2112 257 2173 Corvinus,
272 2113 362 2176 patriis
375 2114 547 2163 intermiscere
561 2113 642 2176 petits

62 2209 87 2248 30
114 2201 267 2248 verboseris
280 2202 354 2250 malis
367 2201 492 2252 Canusini
505 2216 577 2251 more
590 2201 728 2264 bilinguis.

116 2288 186 2349 atqui
200 2302 247 2350 ego
260 2303 319 2337 cum
333 2288 444 2339 Graecos
457 2290 586 2351 facerem,
601 2296 676 2337 uetus
689 2303 762 2339 mare
775 2291 858 2352 citra,

114 2375 269 2435 versiculos,
283 2378 362 2425 vetuit
374 2392 415 2425 me
427 2378 473 2426 tali
485 2393 547 2426 voce
560 2376 696 2437 Quirinus,

114 2471 172 2525 post
185 2464 297 2513 mediam
309 2471 411 2512 noctem
423 2466 506 2525 visus,
521 2481 581 2515 cnm
594 2465 787 2528 summovere,

113 2545 155 2602 ‘iu
167 2553 257 2601 silvam
270 2566 322 2599 nou
340 2552 410 2616 ligna
423 2552 490 2601 feras
503 2555 617 2604 insanius
629 2567 660 2602 ac
673 2553 694 2600 si

50 2651 79 2688 35
104 2658 218 2709 magnas
232 2640 391 2694 Graecorum
404 2641 479 2692 malis
491 2643 588 2709 inplere
601 2648 715 2691 catervas
724 2637 740 2690 .’
