1784 3000
367 204 461 246 mana
475 205 509 244 11.

35 363 38 369 ’
67 368 88 417 si
101 368 149 417 tibi
160 367 232 416 nulla
243 367 313 417 sitim
326 367 409 417 finiret
423 368 497 431 copia
509 368 639 432 lymphae,

67 470 185 504 narrares
198 456 318 504 medicis:
340 457 409 517 quod
422 464 519 519 quanto
532 457 608 520 plura
620 457 717 519 parasti

67 551 139 593 tanto
153 544 229 606 plura
242 544 330 606 cupis,
345 543 443 594 nulline
456 544 561 594 faterier
573 545 671 594 andes?

66 632 89 680 si
101 631 192 681 volnus
204 632 251 681 tibi
265 640 406 682 monstrata
418 633 504 681 radice
517 632 557 682 vel
569 632 649 682 herba

10 725 53 766 tto
66 732 118 768 non
132 719 203 769 fieret
215 719 310 781 levius,
324 720 425 784 fugeres
437 720 523 770 radice
534 719 574 769 vel
586 720 665 769 herba

65 808 216 872 proficiente
229 808 295 857 nihil
308 809 436 858 curarier:
458 809 591 870 audieras,
606 809 648 857 cni

66 911 121 947 rem
134 898 161 946 di
173 898 312 956 donarent,
327 896 366 945 illi
379 897 500 947 decedere
512 912 619 961 pravam

65 985 217 1046 stultitiam,
233 994 257 1035 et
270 1000 330 1034 cum
343 985 376 1034 sis
389 985 472 1034 nihilo
486 986 626 1049 sapientior
639 1000 672 1035 ex
685 1000 736 1047 qno

66 1073 168 1138 plenior
180 1088 220 1133 es,
235 1081 320 1122 tamen
333 1073 413 1123 uteris
426 1074 597 1123 monitoribus
609 1073 708 1122 isdem?

10 1168 50 1210 itt
66 1162 127 1212 atsi
140 1163 244 1212 divitiae
257 1162 407 1225 prudentem
420 1163 525 1211 reddere
538 1171 654 1226 possent,

64 1251 84 1299 si
98 1251 222 1314 cupidum
234 1250 405 1312 timidumque
418 1250 503 1299 minus
515 1257 554 1312 te,
573 1265 666 1313 nempe
679 1251 791 1311 tuberes,

63 1339 158 1389 viveret
170 1339 283 1389 interris
296 1345 321 1388 te
333 1338 412 1400 siquis
425 1339 527 1386 avarior
540 1353 607 1390 uno.

64 1427 86 1475 si
97 1427 231 1490 proprium
244 1434 280 1477 est
293 1426 362 1490 quod
376 1427 433 1489 quis
445 1427 513 1476 libra
525 1437 652 1477 mercatus
664 1435 689 1476 et
701 1436 797 1488 aerest,

64 1514 206 1575 quaedam,
220 1515 241 1563 si
254 1515 337 1565 credis
349 1516 485 1576 consultis,
501 1516 719 1578 mancipaturos,

10 1611 48 1650 tto
62 1603 106 1665 qui
120 1610 145 1652 te
158 1602 241 1665 pascit
253 1617 328 1666 ager,
344 1611 403 1652 tuns
417 1611 470 1664 est,
486 1611 511 1652 et
522 1604 614 1652 vilicus
626 1602 699 1664 Orbi,

62 1704 121 1738 eum
134 1698 229 1754 segetes
243 1699 317 1741 occat
329 1691 376 1740 tibi
390 1705 453 1740 mox
466 1691 597 1740 frumenta
609 1691 726 1751 daturas,

62 1785 87 1827 te
99 1778 234 1827 dominum
247 1781 337 1832 sentit.
364 1780 410 1828 das
422 1792 555 1838 nummos,
570 1778 666 1841 accipis
678 1793 769 1837 uvam,

61 1865 161 1930 pullos,
177 1881 239 1927 ora,
255 1868 348 1917 cadum
360 1868 462 1918 temeti.
488 1880 580 1930 nempe
592 1866 670 1915 modo
683 1867 732 1915 isto

61 1954 198 2017 paullatim
211 1957 333 2005 mercaris
345 1970 451 2020 agrum,
467 1956 574 2005 fortasse
586 1955 705 2004 trecentis

10 2051 47 2091 tat
60 2050 106 2091 aut
118 2043 197 2092 etiem
209 2059 287 2108 supra
298 2058 464 2093 nummorum
475 2043 580 2093 milibus
593 2051 721 2106 emptum.

60 2131 124 2194 qnid
137 2131 227 2193 refert,
243 2132 313 2181 vivae
325 2140 460 2182 numerato
473 2146 555 2195 nuper
566 2146 600 2179 an
613 2131 694 2180 olim?

59 2225 161 2283 emptor
174 2219 275 2269 Aricini
288 2221 421 2284 quondam
433 2219 549 2270 Veientis
562 2226 587 2268 et
599 2220 653 2268 arvi

59 2316 175 2372 emptum
187 2317 262 2359 cenat
274 2308 346 2369 olus,
361 2309 478 2371 quamvis
490 2307 565 2358 aliter
576 2316 664 2372 putat;
679 2311 772 2373 emptis

58 2396 105 2445 sub
118 2404 222 2446 noctem
234 2397 347 2462 gelidam
359 2397 437 2459 lignis
449 2396 586 2447 calefactat
599 2413 706 2447 aenum:

10 2488 44 2530 ¹⁷0
59 2485 103 2535 sed
115 2496 192 2535 vocat
204 2500 284 2548 usqne
296 2500 386 2544 sunm,
402 2500 453 2548 qua
466 2486 575 2549 populus
587 2487 670 2535 adsita
682 2488 757 2536 certis

57 2573 186 2622 limitibus
198 2574 283 2622 vicina
295 2573 392 2638 refugit
403 2574 502 2639 iurgia3
517 2584 654 2637 tamqnam

50 2660 231 2722 ritpropn'um
244 2662 405 2730 quicquam,
420 2675 527 2732 puncto
540 2662 619 2731 qnod
625 2658 844 2712 meridianum
