1770 2984
44 120 95 166 174
355 111 477 152 RPODON

43 279 82 325 vel
96 292 152 324 urea
166 291 224 322 cum
238 275 319 322 saevis
330 274 411 337 agitat
424 273 529 322 fastidia
541 273 641 322 verbis:

43 365 163 413 ‘Inachia
176 365 282 428 langues
295 362 381 410 minus
395 377 424 411 ac
438 377 493 419 me3

5 461 12 472 ³
43 453 178 500 Inachiam
192 459 229 498 ter
241 458 316 499 nocte
330 458 416 513 potes,
431 451 496 498 mihi
510 464 609 513 semper
623 452 656 499 ad
670 467 758 501 unum

43 541 126 588 mollis
140 555 216 601 opus,
245 547 333 602 pereat
346 539 412 586 male
426 552 492 600 qnae
505 545 530 586 te

42 629 135 676 Lesbia
149 629 283 688 quaerenti
296 635 400 674 taurum
413 626 563 675 monstravit
576 627 704 689 inertem,

43 732 101 763 curn
115 717 179 763 mihi
194 715 261 763 Cous
275 717 373 764 adesset
386 716 528 777 Amyntas,

43 806 114 853 cuius
128 807 155 851 in
168 804 295 851 indomito
308 803 468 851 constantior
481 803 587 865 inguine
599 818 695 853 nervus

44 909 121 954 quarn
135 908 202 940 nova
217 892 323 940 collibus
336 891 413 938 arbor
426 891 557 940 inhaeret.

43 981 182 1029 muricibus
196 981 281 1042 TyrIis
293 981 402 1028 iteratae
415 979 508 1027 vellera
520 978 596 1028 lanae

43 1071 84 1116 cui
98 1068 320 1132 properabantur?
340 1069 386 1115 tibi
399 1082 506 1130 nempe,

42 1173 75 1205 ne
89 1160 156 1206 foret
169 1157 283 1219 aequalis
295 1157 362 1204 inter
375 1157 496 1216 conviva,
512 1155 593 1218 magis
606 1170 685 1217 quem

44 1245 159 1307 diligeret
173 1246 264 1292 mulier
277 1260 324 1292 sua
337 1259 415 1306 quam
428 1251 465 1292 te.

44 1348 58 1380 o
73 1347 120 1395 ego
134 1348 185 1379 non
200 1333 276 1391 felix,
292 1347 370 1394 quam
384 1340 411 1380 tu
424 1332 492 1395 fugis
504 1338 533 1379 ut
545 1338 622 1393 pavet
635 1333 704 1381 acris

43 1436 110 1484 agna
123 1421 196 1482 lupos
209 1435 367 1482 capreaeque
380 1419 491 1468 leones.'

380 1843 455 1894 XIII.

43 2039 157 2086 Horrida
171 2046 306 2100 tempestas
319 2038 420 2085 caelum
434 2037 576 2095 contraxit,
593 2044 617 2086 et
629 2038 725 2088 imbres

44 2126 165 2186 nivesque
179 2127 307 2173 deducunt
319 2126 424 2184 Iovem,
446 2141 515 2173 nunc
528 2139 598 2174 mare
610 2142 680 2176 nunc
693 2127 774 2178 siluae

43 2213 164 2260 ThreIcio
178 2213 299 2273 aquilone
312 2222 419 2263 sonant.
444 2216 586 2276 rapiamus,
600 2216 697 2275 amice,

44 2301 205 2349 occasionem
220 2302 249 2349 de
263 2301 316 2360 die,
333 2303 445 2363 dumque
457 2304 539 2352 virent
550 2317 635 2366 genua

3 2400 14 2436 5
44 2398 68 2439 et
81 2391 166 2448 decet,
186 2389 297 2437 obducta
311 2390 423 2438 solvatur
436 2392 521 2440 fronte
534 2398 662 2440 senectus.

42 2488 70 2525 tn
83 2478 144 2525 rina
158 2478 290 2538 Torquato
304 2492 378 2525 move
392 2480 494 2528 consule
507 2494 593 2541 pressa
606 2494 679 2531 meo,

43 2576 127 2616 cetera
141 2568 213 2615 mitte
226 2567 312 2629 loqui:
334 2567 395 2616 deus
407 2567 470 2617 haec
483 2568 593 2617 fortasse
606 2568 720 2633 benigna
