1770 2984
365 317 499 358 urauar.
756 323 806 373 195

58 481 92 528 sic
106 480 182 543 inpar
195 480 259 529 sibi.
286 494 355 527 nuno
368 479 462 541 aliquis
476 479 544 529 dicat
558 480 621 528 mihi
635 481 706 543 ‘quid
718 482 765 530 tu?

9 583 28 619 το
59 568 163 617 nullane
177 567 257 616 habes
269 559 366 616 vitial'
384 569 465 616 immo
479 568 531 616 alia
543 577 568 618 et
581 569 690 619 fortasse
703 571 817 620 minora.

58 657 177 705 Maenius
190 657 321 705 absentem
334 655 446 704 Novium
460 671 518 705 cum
531 667 662 721 carperet,
677 651 750 708 ‘heus
762 661 802 708 tu²

59 746 165 808 quidam
179 746 229 804 ait,
244 737 364 809 ‘ignoras
376 752 401 792 te
415 759 448 792 an
460 753 488 792 ut
501 746 620 808 ignotum
634 748 693 796 dare
707 747 782 796 nobis

58 833 135 881 rerba
148 833 255 897 putas?'
266 833 379 895 ‘egomet
393 833 428 880 mi
442 833 560 896 ignosco²
572 835 692 883 Maenius
704 836 805 898 inquit.

59 921 149 969 stultus
163 930 187 969 et
200 921 323 983 inprobus
335 920 378 968 hio
391 934 465 968 amor
478 929 515 969 est
528 922 673 984 dignusque
687 925 787 972 notari.

10 1028 14 1062 r
59 1025 117 1057 eum
131 1017 176 1059 tua
188 1009 321 1072 pervideas
335 1009 416 1058 oculis
428 1010 498 1057 mala
511 1011 595 1073 lippus
609 1010 733 1070 inunctis,

60 1114 104 1146 cur
117 1099 144 1146 in
157 1098 300 1146 amicorum
312 1098 381 1147 vitiis
394 1105 448 1145 tam
461 1098 542 1146 cernis
556 1106 660 1146 acutum

59 1202 137 1248 quam
151 1195 195 1234 aut
208 1187 296 1248 aquila
309 1195 353 1234 aut
366 1201 471 1249 serpens
478 1186 653 1247 Epidaurius?
670 1195 696 1235 at
709 1187 757 1235 tibi
770 1194 860 1238 contra

59 1276 154 1334 evenit,
171 1276 304 1336 inquirant
315 1275 379 1323 vitia
391 1282 420 1323 ut
433 1281 478 1321 tua
490 1289 577 1323 rursus
592 1283 617 1323 et
629 1275 680 1323 illi.

59 1364 210 1412 iracundior
222 1372 260 1412 est
273 1361 374 1426 paullo,
390 1362 475 1411 minus
489 1371 563 1426 aptus
577 1364 661 1412 acutis

58 1453 164 1501 naribus
177 1452 271 1500 horum
284 1451 434 1511 hominum;
456 1451 534 1500 rideri
546 1452 627 1514 possit
640 1466 671 1500 eo
684 1453 754 1513 quod

58 1542 177 1590 rusticius
191 1548 266 1589 tonso
279 1550 340 1606 toga
354 1541 440 1589 defluit
454 1548 478 1588 et
492 1541 559 1588 male
572 1540 646 1587 laxus

58 1632 84 1678 in
98 1631 162 1692 pede
176 1629 275 1677 calceus
288 1629 392 1678 haeret:
414 1637 441 1678 at
454 1636 492 1677 est
505 1628 600 1687 bonus,
617 1636 645 1676 ut
658 1629 748 1676 melior
761 1629 800 1676 vir

57 1733 110 1766 non
124 1718 190 1765 alius
203 1718 351 1779 quisquam,
368 1726 394 1767 at
406 1718 453 1767 tibi
467 1718 578 1777 amicus,
593 1725 620 1765 at
627 1717 762 1778 ingenium
768 1717 858 1781 ingens

58 1806 155 1854 inculto
168 1807 230 1854 latet
244 1807 295 1855 hoc
307 1807 353 1855 sub
367 1820 486 1868 corpore.
514 1806 623 1866 denique
636 1813 661 1853 te
674 1806 759 1867 ipsum

59 1904 179 1953 concute,
195 1908 310 1955 numqua
323 1894 370 1942 tibi
383 1894 504 1941 vitiorum
518 1893 638 1941 inseverit
651 1892 714 1940 olim

58 1993 162 2042 natura,
178 1982 315 2032 autetiam
329 1981 485 2030 consuetudo
499 1980 584 2039 mala;
605 1995 718 2041 namque

58 2073 180 2135 neglectis
193 2070 291 2120 urenda
304 2071 361 2120 filix
373 2069 514 2117 innascitur
527 2068 608 2130 agris.

57 2163 119 2210 illuc
132 2169 336 2223 praevertemur,
351 2164 494 2206 amatorem
508 2155 578 2217 quod
590 2155 690 2203 amicas

59 2251 145 2313 turpia
159 2248 292 2309 decipiunt
304 2261 409 2295 caecum
422 2246 486 2294 vitia
499 2252 544 2292 aut
557 2244 636 2292 etiam
648 2243 705 2305 ipsa
718 2243 783 2293 haec

59 2339 200 2396 delectant,
215 2336 295 2385 veluti
308 2335 447 2384 Balbinum
460 2335 571 2398 polypus
583 2332 703 2397 Hagnae.

58 2427 152 2474 vellem
166 2427 193 2473 in
207 2424 323 2473 amicitia
335 2424 372 2473 sic
385 2438 541 2483 erraremus,
556 2429 581 2472 et
593 2422 636 2471 isti

59 2515 139 2564 errori
153 2527 249 2562 nomeu
261 2511 340 2560 virtus
353 2512 478 2575 posuisset
491 2512 641 2561 honestum.

60 2612 85 2651 at
99 2611 172 2666 pater
185 2610 213 2649 ut
226 2601 310 2665 gnati,
326 2600 363 2650 sic
377 2616 423 2649 nos
436 2599 559 2649 debemus
571 2600 650 2649 amici

59 2691 151 2754 siquod
166 2691 197 2739 sit
211 2688 302 2737 vitium
314 2703 369 2737 non
380 2689 510 2739 fastidire.
537 2688 684 2737 strabonem

11 2794 31 2830 rs
61 2780 175 2845 adpellat
188 2786 292 2843 paetum
305 2787 390 2840 pater,
406 2786 430 2827 et
442 2778 557 2840 pullum,
572 2775 639 2825 male
652 2789 744 2838 parvus

647 2878 694 2916 ns*
