1784 3000
371 115 463 156 mnan
474 117 497 156 Ι,
756 124 804 170 191

59 278 183 326 munifico
198 292 251 325 esse
264 278 336 337 licet,
353 279 427 326 vellet
439 279 522 326 bonus
537 288 613 341 atque
627 280 752 343 benignus

59 381 126 426 esse,
143 367 214 412 daret
227 373 351 426 quantum
363 368 424 415 satis
437 375 514 428 esset,
529 382 576 415 nec
588 367 636 415 sibi
650 368 744 415 damno

59 453 231 515 dedecorique
243 453 325 505 foret.
358 470 446 507 verum
459 456 510 504 hoc
522 470 548 504 se
560 455 724 517 amplectitur
737 471 802 516 uno,

59 542 110 589 hoc
124 549 193 588 amat
207 548 231 589 ct
242 542 343 601 laudat,
356 535 518 590 ‘matronam
530 543 630 591 nullum
642 559 689 606 ego
702 552 780 607 tango
788 536 804 592 .'

10 641 12 650 ’
58 636 88 676 ut
101 630 233 690 quondum
244 630 391 691 Marsaeus,
406 639 508 679 amator
519 630 632 694 Originis
645 632 700 690 ille,

59 719 104 780 qui
119 719 231 780 patrium
243 719 338 766 mimae
350 719 431 767 donat
443 719 602 780 fundumque
614 719 759 781 laremque,

58 807 110 854 ‘nil
123 806 201 854 fuerit
213 807 263 853 mi’
275 807 359 869 iuquit
370 801 439 855 ‘cum
452 807 576 854 uxoribus
588 822 711 869 umquam
724 808 814 856 alienis
822 801 837 859 ,²

59 910 149 942 verum
162 902 198 942 est
211 909 270 942 cum
283 895 382 954 mimis,
399 903 435 944 est
448 910 505 943 cum
519 896 709 954 meretricibus,
724 897 792 944 unde

60 984 131 1032 fama
146 981 242 1030 mulum
255 983 357 1044 gravius
371 998 448 1044 quarn
460 999 499 1032 res
512 984 604 1033 trahit.
631 998 665 1030 an
678 983 726 1031 tibi
739 984 840 1033 abunde

10 1080 14 1092 '
58 1086 196 1135 personam
209 1073 271 1120 satis
285 1079 334 1130 est,
350 1085 403 1119 non
415 1070 479 1119 illud
492 1071 615 1132 quidquid
629 1071 725 1132 ubique

60 1161 143 1208 officit
156 1159 270 1208 evitare?
289 1160 385 1207 bonam
398 1159 535 1222 deperdere
549 1159 659 1219 famam,

58 1264 113 1298 rem
126 1249 205 1312 patris
219 1248 357 1306 oblimare,
373 1248 470 1294 malum
483 1255 520 1296 est
531 1247 698 1308 ubicumque.
719 1248 781 1309 quid
791 1249 857 1297 inter

59 1338 136 1387 estin
148 1345 279 1396 matrona,
295 1335 390 1384 ancilla
403 1350 523 1397 peccesne
536 1335 644 1399 togata?

59 1426 154 1474 Villius
166 1426 194 1473 in
207 1426 301 1472 Fausta
315 1423 402 1472 Sullae
415 1439 507 1487 gener,
522 1425 573 1472 hoc
585 1424 662 1472 miser
674 1438 727 1472 uno

58 1514 165 1562 nomine
178 1513 309 1574 deceptus,
326 1526 423 1574 poenas
436 1514 506 1562 dedit
517 1527 597 1575 usque
609 1525 735 1574 superque

59 1617 138 1664 quam
151 1602 213 1651 satis
226 1608 276 1661 est,
291 1601 384 1663 pugnis
398 1615 484 1649 caesus
497 1600 617 1662 ferroque
630 1600 736 1662 petitus,

59 1690 179 1739 exclusus
192 1690 259 1750 fore,
276 1703 335 1736 cum
348 1688 518 1749 Longarenus
531 1687 597 1737 foret
609 1689 688 1736 intus.

59 1779 120 1825 huic
135 1778 156 1824 si
169 1777 282 1837 mutonis
294 1777 376 1825 verbis
389 1776 459 1823 mala
470 1783 543 1824 tanta
554 1776 651 1824 videnti

60 1866 156 1914 diceret
169 1865 233 1915 haec
246 1866 347 1914 animus
359 1865 430 1927 ‘quid
442 1865 479 1912 vis
491 1864 557 1912 tibi?
575 1863 701 1925 numquid
714 1877 761 1924 ego
775 1878 791 1910 a
803 1872 827 1911 te

61 1968 156 2017 magno
169 1962 324 2017 prognatum
337 1955 448 2015 deposco
462 1952 566 2001 consule
579 1965 692 2000 cunnum

59 2042 222 2104 velatumque
235 2042 314 2100 stola,
331 2056 389 2089 mea
402 2056 460 2089 cum
473 2040 618 2089 conferbuit
630 2039 694 2087 iral²

61 2131 123 2193 quid
136 2128 317 2192 responderet?
334 2121 442 2193 ‘magno
456 2138 527 2193 patre
539 2136 601 2177 nata
614 2128 747 2191 puellast.²

61 2226 87 2267 at
100 2227 197 2280 quanto
210 2218 317 2266 meliora
329 2225 417 2266 monet
429 2217 625 2282 pugnantiaque
637 2217 692 2264 istis

62 2308 131 2355 dives
145 2306 200 2368 opis
213 2314 306 2354 natura
319 2321 392 2365 suae,
408 2313 436 2354 tu
448 2306 468 2354 si
482 2306 558 2354 modo
571 2314 640 2354 recte

10 2401 31 2439 rt
61 2396 207 2459 dispensare
219 2394 281 2442 velis
294 2409 324 2442 ac
337 2409 390 2442 non
403 2393 526 2456 fugienda
539 2393 655 2457 petendis

61 2483 209 2532 inmiscere.
235 2489 280 2529 tuo
294 2483 356 2530 vitio
370 2497 488 2531 rerumne
500 2482 607 2530 labores

55 2570 95 2616 nil
105 2569 201 2619 referre
212 2572 310 2634 putas?
331 2589 431 2639 quare,
443 2587 483 2623 ne
494 2569 695 2636 paenitenda,
