1770 2984
101 180 153 228 294
362 173 583 216 nursnunanun

95 339 185 387 stultus
198 346 305 400 uterque
317 338 406 386 locum
418 336 568 386 inmeritum
580 343 706 385 causatur
721 339 821 401 inique:

95 427 123 473 in
136 427 214 488 culpa
226 433 262 475 est
276 425 394 487 animus,
411 426 456 488 qui
468 439 494 475 se
506 438 560 473 non
571 423 665 488 effugit
680 442 821 490 umquam.

94 521 123 562 tu
136 514 303 562 mediastinus
315 515 395 564 tacita
407 528 482 578 prece
494 528 554 561 rura
566 513 690 576 petebas,

42 609 67 648 15
95 617 163 650 nunc
177 601 267 650 urbem
280 611 305 651 et
317 602 391 652 ludos
404 611 429 651 et
441 602 533 651 balnea
545 601 636 650 vilicus
650 610 744 666 optasz

94 705 135 738 me
149 699 266 741 constare
279 691 344 739 mihi
356 691 405 740 scis
417 697 442 739 et
455 689 584 738 discedere
596 689 700 739 tristem

96 770 310 841 quandocumque
324 778 430 827 trahunt
442 778 523 826 invisa
535 778 641 840 negotia
653 776 786 831 Romam.

95 881 148 915 non
161 867 250 916 eadem
263 866 402 915 miramur:
421 880 451 914 eo
465 866 625 914 disconvenit
637 867 707 915 inter

95 969 187 1017 meque
200 963 225 1004 et
237 963 277 1004 te.
308 969 370 1004 nam
383 969 449 1016 quae
462 954 560 1003 deserta
573 962 598 1002 et
610 953 747 1017 inhospita
761 964 850 1019 tesqua

42 1050 67 1088 ao
95 1044 192 1102 credis,
208 1057 319 1093 amoena
331 1049 406 1091 vocat
419 1056 521 1091 mecum
533 1041 577 1105 qui
591 1042 684 1102 sentit,
700 1051 725 1091 et
741 1045 800 1094 odit

95 1146 161 1193 quae
174 1140 202 1180 tu
214 1130 322 1194 pulchra
335 1137 425 1194 putas.
455 1129 546 1179 fornix
558 1130 606 1179 tibi
619 1138 644 1178 et
655 1137 736 1178 uncta
751 1133 849 1196 popina

95 1220 225 1270 incutiunt
237 1220 309 1269 urbis
322 1218 492 1279 desiderium,
507 1217 597 1278 video,
613 1226 638 1267 et
650 1217 720 1279 quod

95 1309 204 1372 angulus
216 1309 263 1358 istc
275 1308 340 1357 feret
352 1308 427 1371 piper
439 1315 465 1356 et
476 1313 516 1355 tus
529 1307 602 1355 ocius
614 1320 679 1365 uva,

95 1410 143 1445 nec
155 1396 240 1444 vicina
253 1396 337 1446 subest
350 1397 438 1444 vinum
447 1393 570 1458 praebere
583 1393 690 1442 taberna

42 1491 68 1530 tt
97 1500 162 1548 quae
175 1485 255 1547 possit
268 1484 330 1542 tibi,
346 1498 393 1532 nec
406 1483 528 1532 meretrix
540 1481 665 1541 tibicina,
680 1483 755 1531 cuius

95 1574 128 1621 ad
140 1572 275 1634 strepitum
288 1571 364 1619 salias
377 1579 460 1620 terrae
474 1571 571 1634 gravis:
592 1578 716 1619 ettamen
729 1586 826 1636 ungnes

95 1661 148 1709 iam
161 1660 261 1722 pridem
273 1675 326 1708 non
338 1666 408 1707 tacta
421 1659 551 1721 ligonibus
564 1673 624 1708 arva
637 1657 783 1721 bovemque

96 1751 252 1799 disiunctum
265 1763 338 1797 curas
351 1756 376 1796 et
389 1747 483 1796 strictis
497 1746 632 1796 frondibus
645 1747 746 1808 exples:

96 1839 168 1887 addit
181 1852 245 1900 opus
259 1838 334 1900 pigro
348 1835 432 1896 rivus,
447 1835 468 1883 si
483 1835 578 1884 decidit
591 1834 688 1893 imber,

43 1932 70 1971 uo
97 1928 178 1975 multa
190 1926 258 1974 mole
271 1924 399 1973 docendus
412 1923 499 1986 aprico
513 1936 617 1986 parcere
630 1931 718 1984 prato.

97 2031 165 2063 nunc
179 2029 242 2078 age,
258 2013 320 2076 quid
332 2019 449 2060 nostrum
462 2020 615 2060 concentum
629 2010 725 2058 dividat
738 2011 815 2060 audi.

98 2117 175 2163 quem
188 2111 277 2150 tenues
290 2102 397 2149 decuere
410 2108 486 2162 togae
499 2098 626 2160 nitidique
639 2097 743 2160 capilli,

98 2205 175 2251 quem
187 2191 235 2238 scis
248 2190 383 2237 inmunem
397 2186 506 2237 Cinarae
519 2185 644 2250 placuisse
657 2187 763 2250 rapaci,

98 2292 175 2339 quem
188 2276 307 2324 bibulum
319 2275 413 2338 liquidi
426 2273 512 2324 media
524 2275 555 2323 de
567 2275 624 2323 luce
638 2274 757 2335 Falerni,

44 2372 70 2412 ut
98 2380 162 2414 cena
174 2364 256 2412 brevis
268 2364 338 2412 iuvat
351 2370 375 2412 et
389 2377 468 2425 prope
481 2362 565 2411 rivum
577 2377 682 2412 somnus
696 2362 722 2410 in
736 2362 827 2413 herba.

98 2469 146 2503 nec
159 2453 246 2501 lusisse
258 2452 349 2514 pudet,
363 2451 472 2499 sednon
486 2451 598 2500 incidere
611 2451 714 2499 ludum.

97 2557 150 2591 non
162 2540 219 2591 istic
233 2540 339 2602 obliquo
353 2538 429 2586 oculo
442 2553 501 2587 meu
513 2539 650 2587 commoda
663 2539 801 2601 quisquam

98 2630 187 2691 limat,
201 2644 255 2679 non
268 2628 328 2678 odio
343 2628 451 2676 obscuro
465 2642 601 2690 morsuque
615 2635 738 2676 venenat:
