1770 2984
118 181 168 228 154
428 173 549 216 EPODON

117 339 213 387 amoris
226 344 289 387 esset
301 337 438 400 poculum,

116 426 285 475 interminato
298 441 357 474 cum
370 425 448 474 semel
461 425 528 474 fixae
541 425 600 473 cibo

64 524 89 562 to
117 515 287 563 intabuissent
298 513 427 576 pupulae.

117 619 169 651 uon
183 602 292 651 defuisse
305 601 434 651 masculae
447 601 564 650 libidinis

117 692 307 740 Ariminensem
321 690 423 739 Foliam

119 789 142 828 et
157 781 240 828 otiosa
253 779 362 827 credidit
375 778 499 841 Neapolis

119 877 142 918 ct
157 883 232 916 omne
244 868 357 915 vicinum
371 868 510 929 oppidum,

65 964 91 1002 45
120 973 186 1019 (puae
199 957 281 1005 sidera
295 964 433 1004 excantata
445 969 508 1004 voce
521 955 643 1004 Thessala

118 1047 258 1106 lunamque
271 1043 342 1092 caelo
356 1044 463 1106 deripit.

119 1135 161 1181 hic
176 1135 330 1181 inresectum
343 1147 418 1180 saeva
431 1133 505 1181 dente
518 1131 598 1180 livido

120 1221 231 1270 Canidia
244 1221 337 1270 rodens
350 1219 473 1284 pollicem

121 1311 184 1371 quid
197 1311 264 1358 dixit
277 1318 321 1358 aut
334 1309 395 1371 quid
408 1309 507 1358 tacuit?
525 1310 554 1358 ‘o
567 1309 642 1359 rebus
656 1311 719 1359 meis

68 1405 93 1444 to
121 1413 174 1446 non
187 1398 302 1447 infideles
316 1398 441 1458 arbitrae,

121 1487 181 1534 Nox
195 1495 219 1535 et
233 1487 320 1534 Diana
334 1501 399 1548 quae
411 1487 545 1536 silentium
557 1488 624 1551 regis

122 1590 217 1623 arcana
230 1590 289 1622 cum
303 1575 368 1624 fiunt
379 1591 466 1635 sacra,

122 1679 190 1711 nunc
203 1679 272 1712 nunc
286 1665 384 1723 adeste,
399 1679 468 1713 nunc
481 1665 509 1712 in
521 1664 623 1714 hostilis
636 1665 728 1714 domos

122 1753 189 1799 iram
202 1760 279 1814 atque
291 1767 387 1801 numen
400 1751 503 1801 vertite.

70 1845 94 1884 tt
123 1842 295 1890 formidolosis
308 1842 369 1888 dum
382 1841 463 1890 latent
476 1841 546 1890 silvis
558 1841 629 1891 ferae

122 1930 191 1980 dulci
206 1944 298 1992 sopore
311 1929 465 1993 languidae,

122 2034 223 2079 senem,
240 2019 310 2079 quod
324 2033 412 2066 omnes
424 2018 541 2079 rideant,
557 2018 703 2068 adulterum

122 2106 216 2154 latrent
230 2105 381 2154 Suburanae
395 2120 470 2154 canes

122 2193 205 2240 nardo
219 2200 373 2255 perunctum
387 2193 462 2254 quale
475 2209 528 2243 non
541 2194 678 2258 perfectius

73 2287 97 2324 to
124 2294 197 2327 meae
209 2278 353 2328 laborarint
366 2295 470 2332 manus.

124 2368 186 2428 quid
199 2367 313 2415 accidit?
334 2383 379 2416 cur
392 2369 448 2417 dira
461 2370 587 2420 barbarae
600 2371 685 2420 minus

124 2470 222 2504 venena
235 2456 342 2505 Medeae
355 2457 455 2519 valent,

125 2544 217 2606 quibus
231 2545 368 2608 superbam
382 2545 448 2611 fugit
461 2547 516 2598 ulta
528 2549 654 2612 pelicem,

118 2634 210 2698 magni
226 2632 346 2686 Creontis
360 2634 456 2697 filiam,
