1770 2984
384 194 490 237 melsa.

62 357 164 405 nullum
177 371 193 404 a
205 356 293 406 labore
305 373 346 408 me
359 359 467 407 reclinat
480 359 575 418 otium,

11 453 37 491 25
65 456 158 509 urguet
171 448 240 496 diem
253 462 307 495 nox
320 454 346 497 et
358 447 411 497 dies
423 455 526 496 noctem
539 462 622 511 neque
635 455 673 497 est

62 536 146 584 levare
159 541 229 585 tenta
241 535 333 599 spiritu
345 536 511 600 praecordia.

63 638 123 688 ergo
136 630 258 687 negatum
270 624 359 673 vincor
371 633 399 673 ut
411 624 515 673 credam
527 625 616 686 miser,

64 710 165 761 Sabella
177 720 266 774 pectus
279 712 413 775 increpare
426 712 541 760 carmina

64 807 192 862 caputque
204 800 291 849 Marsa
303 799 413 848 dissilire
424 799 515 849 nenia.

11 896 35 932 so
65 888 126 950 quid
140 888 252 951 amplius
264 888 319 937 vis?
340 902 455 948 ornare,
471 895 581 948 eterra,
596 888 673 937 ardeo

65 983 190 1038 quantum
202 991 286 1039 neque
299 987 354 1026 atro
367 977 495 1026 delibutus
508 974 630 1026 Hercules

63 1065 137 1114 Nessi
152 1079 242 1114 cruore
255 1080 302 1115 nec
314 1064 408 1115 Sicana
420 1064 520 1114 fervida

64 1153 152 1204 furens
165 1155 192 1203 iu
206 1154 292 1204 Aetne
304 1154 423 1202 flamma:
444 1161 487 1215 tu,
503 1153 584 1202 donec
597 1152 662 1201 cinis

64 1242 196 1291 iniuriosis
210 1242 296 1291 aridus
308 1242 389 1291 ventis
402 1242 482 1302 ferar,

11 1337 36 1376 85
65 1331 146 1392 coles,
161 1331 265 1380 venenis
279 1331 385 1380 officina
398 1328 545 1379 Colchicis?

65 1435 130 1482 quae
144 1420 201 1468 finis
214 1426 259 1469 aut
272 1420 341 1482 quod
353 1433 394 1467 me
406 1425 494 1467 manet
506 1416 680 1480 stipendium?

64 1507 157 1557 effare:
178 1508 258 1557 iussas
269 1522 328 1557 cum
340 1507 390 1556 fide
402 1521 498 1570 poenas
511 1506 596 1565 luem,

64 1606 170 1660 paratus
182 1596 302 1659 expiare,
318 1610 361 1644 seu
373 1596 521 1658 poposceris

64 1693 168 1733 centum
180 1685 316 1743 iuvencos,
332 1684 383 1732 sive
394 1683 511 1732 mendaci
524 1683 581 1745 lyra

11 1780 36 1818 40
64 1773 134 1822 voles
146 1773 233 1821 sonari
244 1765 286 1820 ‘tu
298 1771 406 1835 pudica,
420 1778 449 1820 tu
461 1762 567 1833 proba'‚

64 1861 256 1925 perambulabis
268 1869 335 1910 asora
346 1860 416 1909 sidus
429 1873 548 1910 aureum.

65 1952 171 1999 infamis
184 1949 297 2000 Helenae
311 1947 403 1997 Castor
416 1947 528 1996 offensus
540 1947 622 1995 vicem

64 2039 195 2101 fraterque
207 2039 296 2102 magui
308 2037 435 2096 Castoris,
449 2035 511 2084 victi
525 2049 614 2098 prece,

65 2127 185 2189 adempta
198 2126 250 2175 vati
263 2126 395 2175 reddidere
406 2124 520 2173 lumina:

11 2223 37 2261 rs
66 2222 91 2263 et
103 2222 131 2263 tu
145 2214 230 2278 (potes
243 2215 316 2278 nam)
330 2214 399 2263 solve
412 2227 453 2262 me
466 2212 608 2271 dementia,

67 2318 82 2350 ο
97 2317 145 2352 neo
158 2305 271 2367 paternis
284 2302 399 2352 obsoleta
411 2300 528 2350 sordibus

66 2405 150 2453 neque
162 2392 190 2440 in
203 2391 324 2455 sepulcris
336 2405 480 2454 pauperum
491 2389 605 2453 prudens
617 2403 681 2438 anus

65 2479 227 2529 novendialis
240 2480 362 2544 dissipare
374 2480 507 2544 pulveres:

67 2567 115 2616 tibi
128 2566 253 2631 hospitale
266 2575 354 2633 pectus
366 2576 392 2618 et
403 2582 483 2632 purae
496 2580 602 2626 manus,

9 2663 37 2704 oo
67 2663 176 2718 tuusque
189 2665 275 2706 venter
287 2658 463 2718 Pactumeius,
478 2663 504 2705 et
516 2662 561 2704 tuo
