1770 2984
369 157 463 201 mssa
477 159 499 198 Ι.

54 321 139 369 rident
151 321 230 369 vicini
243 321 346 384 glaebas
360 330 385 370 et
398 335 462 370 saxa
475 312 634 370 moventem.

10 418 27 456 to
54 425 113 458 cum
126 410 202 458 servis
214 409 314 458 urbana
327 410 410 458 diaria
422 410 511 459 rodere
525 412 621 471 mavis3

53 497 147 546 horum
159 505 187 546 tu
200 499 227 546 iu
239 512 375 546 numerum
387 504 447 546 voto
460 499 527 548 ruis:
549 500 645 549 invidet
657 515 731 549 usum

53 587 184 650 lignorum
197 595 221 635 et
234 586 336 650 pecoris
349 585 396 634 tibi
409 587 467 635 calo
480 595 585 652 argutus
598 595 623 636 et
634 588 716 639 horti.

54 683 127 738 optat
140 675 263 742 ephippia
276 675 336 734 bos,
352 675 425 738 piger
437 682 511 737 optat
523 689 597 724 arare
610 675 740 726 caballus.

53 777 131 824 quam
144 763 191 812 scit
203 770 327 825 uterque,
342 763 441 822 libens,
456 762 580 822 censebo,
596 772 714 813 exerceat
727 773 824 814 artem.

345 940 504 947 ἡ*-

394 1079 458 1128 XV.

54 1274 128 1335 Quae
142 1276 175 1325 sit
188 1276 270 1325 hiems
284 1275 388 1338 Veliae,
404 1277 474 1338 quod
487 1276 604 1337 caelum,
620 1274 703 1336 Vala,
720 1273 839 1339 Salerni,

50 1379 162 1427 quorum
175 1365 311 1414 hominum
324 1365 396 1429 regio
410 1374 434 1415 et
448 1363 531 1427 qualis
544 1364 585 1414 via
599 1362 672 1430 (nam
685 1364 750 1413 mihi
763 1365 842 1415 Baias

49 1452 125 1501 Musa
137 1468 306 1516 supervacuas
318 1453 463 1517 Antonius,
477 1460 502 1502 et
514 1462 602 1503 tamen
615 1452 666 1502 illis

49 1555 90 1589 me
102 1541 166 1590 facit
177 1542 303 1603 invisum,
318 1541 404 1604 gelida
418 1557 478 1590 cum
491 1541 594 1606 perluor
606 1541 675 1590 unda

10 1637 21 1676 t
49 1644 95 1692 per
108 1631 222 1679 medium
235 1629 328 1694 frigus.
353 1644 414 1678 saue
426 1636 537 1680 murteta
550 1630 662 1692 relinqui

48 1717 168 1780 dictaque
181 1727 322 1768 cessantem
334 1718 418 1768 nervis
430 1717 525 1766 elidere
538 1717 657 1766 morbum

47 1805 148 1854 sulfura
161 1807 293 1856 contemni
305 1805 376 1854 vicus
388 1805 482 1868 gemit,
497 1804 598 1853 invidus
612 1804 696 1865 aegris

47 1894 92 1955 qui
105 1903 184 1957 caput
196 1901 221 1944 et
233 1893 396 1944 stomachum
408 1906 551 1956 supponere
568 1891 684 1941 fontibus
701 1892 797 1943 audent

47 1979 159 2030 Clusinis
173 1981 321 2045 Gabiosque
333 1988 423 2045 petunt
436 1989 461 2030 et
473 1979 569 2043 frigida
582 1994 657 2029 rura.

10 2077 19 2115 t
47 2070 186 2118 mutandus
198 2070 271 2119 locus
283 2078 320 2119 est
333 2077 358 2119 et
370 2067 514 2119 deversoria
526 2075 588 2117 nota

47 2157 264 2222 praeteragendus
277 2172 370 2221 equus.
396 2156 462 2219 ‘quo
475 2155 576 2206 tendis?
596 2171 649 2206 non
661 2158 725 2207 mihi
737 2157 833 2210 Cumas

47 2255 86 2296 est
98 2246 147 2295 iter
159 2254 204 2294 aut
216 2236 307 2295 Baias'
320 2245 394 2294 laeva
406 2245 583 2295 stomachosus
596 2244 697 2295 habena

46 2333 113 2383 dicct
127 2348 219 2397 eques:
240 2335 286 2384 sed
298 2333 358 2396 equi
372 2333 473 2384 frenato
486 2342 525 2384 est
537 2334 605 2384 auris
617 2334 646 2384 in
658 2337 726 2398 ore),

46 2423 129 2471 maior
143 2433 230 2472 utrum
242 2422 368 2486 populum
380 2421 503 2471 frumenti
517 2421 594 2485 copia
604 2433 708 2486 pascat,

10 2517 18 2557 5
46 2510 200 2560 collectosne
213 2511 304 2560 bibant
316 2509 405 2560 imbris
418 2518 543 2574 puteosne
556 2511 675 2574 perennis

46 2597 113 2662 iugis
126 2614 210 2662 aquae
223 2598 297 2664 (uam
310 2599 371 2648 vina
383 2597 449 2648 nihil
462 2613 548 2648 moror
560 2599 632 2648 illius
644 2614 719 2648 orae.
