1770 2984
104 146 155 194 240
387 137 569 181 sericarum

104 304 227 352 incolumi
240 303 325 366 capite
338 302 384 352 es?
397 302 458 365 quid
471 301 560 352 enim?
574 316 661 366 neque
675 310 707 353 tu
722 306 779 357 hoe
793 307 855 357 facis

458 390 539 454 Argis

104 496 150 530 nec
166 480 234 528 ferro
248 488 277 528 ut
289 479 392 528 demens
405 478 561 544 genetricem
575 479 673 529 occidis
687 479 816 535 Orestes.

105 585 139 618 an
152 578 178 618 tu
192 568 254 616 reris
268 583 326 616 eum
340 567 426 616 occisa
439 567 564 617 insanisse
577 576 687 631 parente

52 665 89 704 135
106 672 201 706 aenon
215 664 274 704 ante
287 656 362 704 malis
376 657 521 704 dementem
534 662 621 705 aetum
635 656 716 708 furiis
731 676 817 723 qaam

104 749 131 796 in
145 747 233 794 matris
245 745 334 809 iugulo
349 744 446 792 forrum
459 744 579 807 tepefecit
591 747 723 795 acutum?

105 836 182 897 quin,
199 849 231 882 ex
244 847 295 895 quo
309 841 346 882 eet
360 832 461 897 habitus
474 832 543 880 male
555 839 627 882 tutae
640 835 741 885 mentis
754 835 870 899 Orestes,

104 924 141 971 nil
154 938 213 971 sane
227 921 288 970 iecit
302 922 372 982 quod
385 929 413 969 tu
426 920 579 983 reprendere
591 921 691 984 possis:

105 1027 157 1061 non
170 1010 286 1074 Pyladen
299 1009 367 1058 ferro
381 1008 478 1057 violare
491 1023 598 1058 aususve
610 1023 732 1060 sororem

52 1107 90 1144 140
105 1101 249 1159 Electram,
264 1106 365 1147 tantum
378 1097 512 1146 maledicit
526 1097 630 1159 utrique
642 1101 769 1150 vocando

104 1189 172 1237 hanc
185 1188 297 1247 furiam,
312 1187 381 1235 hanc
393 1186 479 1245 aliud,
493 1185 567 1234 iussit
579 1186 650 1248 quod
661 1186 807 1250 splendida
820 1191 878 1241 bilia

104 1292 202 1339 pauper
215 1275 333 1338 Opimius
346 1275 446 1338 argenti
458 1274 536 1337 positi
548 1274 619 1323 intus
631 1281 657 1323 et
669 1276 745 1338 auri,

105 1366 150 1426 qui
165 1364 338 1412 Veientanum
350 1362 422 1412 festis
434 1371 523 1426 potare
535 1361 625 1411 diebus

105 1452 239 1516 Campana
252 1452 341 1500 solitus
355 1450 433 1500 trulla
446 1465 608 1514 vappamque
620 1450 764 1514 profestis,

53 1547 90 1585 145
106 1541 238 1604 quondam
251 1540 368 1603 lethargo
382 1540 474 1602 grandi
487 1547 524 1589 est
537 1552 688 1603 oppressus,
704 1549 736 1590 ut
747 1540 826 1593 heres

105 1631 158 1678 iam
171 1631 267 1677 circum
280 1629 379 1677 loculos
392 1637 416 1677 et
430 1627 508 1677 clavis
519 1627 601 1677 laetus
615 1642 747 1691 ovansque

106 1726 231 1769 (torreret.
258 1718 327 1766 hunc
342 1717 455 1765 medicus
468 1716 579 1765 multum
593 1716 660 1767 celer
673 1724 751 1781 atque
767 1720 852 1770 fidelis

105 1809 201 1856 excitat
214 1808 263 1854 hoc
277 1813 369 1867 paeto:
385 1819 500 1854 mensam
513 1805 575 1868 poni
589 1804 662 1856 iubet
673 1814 751 1868 etque

106 1896 203 1944 effundi
218 1909 305 1944 saccos
317 1909 498 1954 nummorum,
514 1895 634 1944 accedere
646 1895 729 1959 pluris

53 1990 91 2027 150
107 1987 139 2033 ad
152 1984 354 2034 numerandum:
372 1982 504 2030 hominem
517 1981 554 2030 sic
567 1982 659 2045 erigit,
675 1984 752 2035 addit
767 1995 795 2036 et
806 1985 858 2036 illrd

105 2067 146 2120 ‘ni
160 2081 204 2121 tuo
217 2072 344 2132 custodis,
360 2070 448 2119 avidus
460 2070 514 2118 iam
526 2071 591 2119 haee
604 2070 706 2121 auferet
718 2072 798 2125 heres
808 2067 824 2127 .’

104 2156 177 2209 ‘men
186 2161 243 2208 vivo
252 2162 276 2208 ?’
288 2161 330 2209 ‘ut
338 2160 407 2207 vivas
414 2159 504 2223 igitur,
514 2159 607 2221 vigila.
624 2158 673 2207 hoc
682 2173 731 2224 age
740 2154 759 2210 .³
771 2159 842 2228 ‘quid

105 2243 240 2297 ‘deficient
252 2248 357 2310 inopem
370 2263 451 2296 venae
464 2247 528 2296 teni
541 2246 613 2295 cibas
626 2255 706 2309 atque

105 2338 196 2398 ingens
209 2335 308 2383 accedit
321 2335 455 2385 stomacho
470 2335 566 2384 fultura
577 2335 677 2385 ruenti.

53 2431 91 2469 ret
107 2433 133 2473 tu
149 2423 247 2472 cessas?
261 2423 386 2488 agedum,
402 2439 474 2473 sume
488 2425 537 2473 hoc
550 2423 722 2487 ptisanarium
736 2440 821 2494 oryza

105 2512 209 2575 ‘quanti
225 2521 324 2575 emptae
333 2503 356 2559 l‘
369 2506 461 2576 ‘parvo
471 2505 486 2564 ,³
505 2508 606 2575 ‘quanti
619 2504 712 2577 ergol’
727 2505 816 2568 ‘octa

461 2596 556 2652 ‘ehem
