1770 2984
119 212 169 258 202
398 204 578 247 snurnnaunr

117 369 244 431 posterius
258 368 353 429 facias,
369 383 528 431 praeponens
540 368 632 416 ultima
645 369 753 431 primis,

64 466 91 503 oo
119 472 186 517 non,
202 466 231 504 ut
243 458 264 505 si
279 456 361 505 solvas
373 457 524 520 ‘postquam
536 456 674 505 Discordia
687 462 775 506 taetra

118 545 178 595 belli
191 545 300 594 ferratos
313 545 392 607 postis
405 554 543 607 portasque
555 536 687 610 refregit,'

116 634 232 682 invenias
245 635 323 683 etiam
337 634 435 682 disiecti
450 633 564 682 membra
576 640 684 696 poetae.

116 723 240 770 hactenus
253 723 330 770 haec:
356 722 421 770 alias
433 722 530 770 iustum
542 722 575 770 sit
587 736 668 770 necne
681 736 781 785 poema
792 764 798 776 .

117 825 184 857 nunc
198 810 261 857 illud
274 816 375 860 tantum
388 824 527 871 quaeram,
543 809 668 858 meritone
681 810 732 859 tibi
746 813 782 861 sit

62 906 88 946 oo
117 906 262 960 suspectum
275 913 355 962 genus
367 897 417 946 hoc
429 898 570 946 scribendi.
598 896 699 946 Sulcius
712 914 775 949 acer

117 987 231 1035 ambulat
244 995 269 1035 ct
281 985 404 1048 Caprius,
419 986 491 1034 rauci
506 986 573 1034 male
586 1000 697 1047 cumque
710 986 829 1050 libellis,

116 1090 224 1139 mugnus
237 1084 343 1137 uterque
356 1075 434 1123 timor
447 1074 605 1123 latronibus:
627 1080 655 1122 at
667 1074 733 1124 bene
747 1077 770 1125 si
785 1081 848 1140 quis

117 1171 141 1212 et
154 1164 221 1211 vivat
233 1163 304 1225 puris
317 1162 450 1221 manibus,
467 1170 615 1211 contemnat
627 1168 787 1226 utrumque.

117 1258 162 1298 aut
174 1252 208 1299 sis
222 1260 248 1300 tu
261 1252 353 1300 similis
366 1250 438 1299 Caeli
451 1251 570 1313 Birrique
583 1251 728 1310 latronum,

60 1349 89 1386 no
116 1353 169 1385 non
185 1354 231 1402 ego
245 1340 293 1387 sim
306 1338 384 1401 Capri
397 1354 480 1401 neque
494 1337 580 1388 Sulci:
603 1353 647 1388 cur
660 1347 762 1390 metuas
776 1344 843 1392 me?

116 1426 187 1474 nulla
200 1427 307 1476 taberna
320 1443 391 1476 meos
403 1428 498 1477 habeat
510 1442 594 1490 neque
607 1427 662 1490 pila
674 1427 793 1490 libellos,

117 1517 173 1576 quis
186 1530 276 1564 manus
289 1517 390 1565 insudet
403 1516 472 1580 volgi
485 1515 708 1580 Hermogenisque
722 1517 843 1582 Tigelli,

116 1618 164 1652 nec
176 1605 255 1652 recito
269 1605 389 1666 cuiquam
402 1605 451 1652 nisi
464 1605 568 1664 amieis,
585 1605 663 1666 idque
675 1614 799 1668 coactus,

115 1707 168 1740 non
181 1693 264 1741 ubivis
277 1708 395 1742 coramve
408 1693 578 1754 quibuslibet.
605 1694 633 1741 in
647 1693 732 1741 medio
748 1695 794 1757 qui

60 1791 88 1828 ‘tn
115 1783 209 1845 scripta
221 1782 278 1830 foro
292 1783 399 1830 recitent
412 1789 471 1830 sunt
484 1781 558 1831 multi
571 1782 667 1843 quique
679 1782 811 1832 lavantes:

115 1885 190 1919 suave
203 1871 275 1918 locus
287 1871 345 1918 voci
358 1878 462 1918 resonat
475 1870 624 1918 conclusus.
652 1869 737 1918 inanis

115 1961 165 2008 hoc
178 1960 263 2020 iuvat,
278 1959 347 2006 houd
361 1959 427 2006 illud
440 1959 599 2021 quaerentis,
615 1972 677 2006 num
690 1958 746 2006 sine
758 1974 856 2022 sensu,

114 2056 229 2110 tempore
242 2063 304 2096 num
319 2047 417 2096 faciant
430 2047 529 2098 alieno.
556 2047 672 2095 ‘laedere
685 2047 799 2110 gaudes’

114 2136 213 2196 inquit,
235 2137 273 2185 ‘et
286 2137 335 2184 hoc
349 2136 433 2184 studio
446 2150 539 2199 pravus
553 2125 641 2183 facis.'
671 2134 740 2183 unde
753 2137 870 2198 petitum

61 2233 88 2270 so
116 2223 205 2270 hocin
218 2239 259 2272 me
272 2224 355 2272 iacis?
375 2232 412 2272 est
424 2231 514 2273 auctor
527 2224 584 2285 quis
597 2223 709 2284 denique
721 2236 818 2275 eorum

114 2311 167 2359 vixi
180 2326 239 2359 cum
252 2311 364 2373 quibus?
383 2312 514 2361 absentem
527 2313 571 2374 qni
584 2312 652 2361 rodit
664 2309 795 2374 amicum,

114 2401 158 2462 qui
172 2414 226 2448 non
239 2400 353 2448 defendit
365 2399 417 2447 alio
431 2402 567 2464 culpante,
581 2401 677 2450 solutos

114 2490 157 2550 qui
171 2496 258 2551 captat
270 2489 333 2536 risus
346 2487 480 2536 hominum
495 2489 642 2553 laniumque
656 2488 769 2548 dicacis,

113 2576 210 2639 fingere
223 2577 267 2639 qui
280 2591 332 2625 non
345 2577 399 2625 visa
412 2585 508 2639 potest,
524 2578 650 2628 conmissa
664 2585 748 2626 tacere

49 2674 77 2711 85
106 2667 153 2729 qui
165 2667 274 2734 nequit,
290 2666 334 2718 hic
346 2666 420 2732 niger
434 2674 486 2729 est,
500 2667 570 2715 lrunc
583 2675 625 2727 tu,
640 2666 774 2726 Romane,
791 2676 881 2719 caveto
