1770 2984
96 181 147 230 324
359 172 583 219 suademini

59 347 67 386 5
95 346 196 403 praeter
209 348 294 389 cetera
306 352 347 388 me
359 337 490 386 Romaene
504 347 630 402 poemata
644 354 728 390 censes

96 428 205 477 scribere
218 441 290 490 posse
302 428 369 477 inter
381 434 420 476 tot
432 441 507 475 curas
519 433 613 491 totque
627 429 745 479 labores?

96 515 139 564 hic
152 529 274 578 sponsum
285 523 375 576 uocat,
389 515 433 564 hic
445 515 566 564 auditum
578 517 693 581 scripta,
708 515 791 567 relictis

96 604 217 654 omnibus
230 603 336 654 officiis:
358 603 436 654 cubat
448 603 491 653 hic
503 603 531 653 in
544 605 613 654 colle
625 603 745 665 Quirini,

96 692 140 742 hic
152 702 268 744 extremo
280 694 308 743 in
322 693 468 751 Aventino,
483 692 605 742 visendus
617 700 740 757 uterque:

59 790 68 826 o
97 780 232 831 intervalla
244 781 315 830 vides
328 782 441 831 humane
454 780 607 830 commoda.
634 777 742 832 ‘serum

96 885 176 932 purae
189 879 248 920 sunt
261 869 379 933 plateae,
393 869 459 918 nihil
472 877 501 919 ut
513 868 705 920 meditantibus
716 869 810 920 obstet.¹

96 959 203 1010 festinat
215 959 312 1009 calidus
325 958 402 1007 mulis
414 957 561 1022 gerulisque
573 959 739 1022 redemptor,

96 1053 200 1110 torquet
212 1062 281 1097 nunc
293 1047 408 1111 lapidem
420 1062 489 1096 nune
499 1046 590 1109 ingens
600 1047 727 1097 machine
736 1048 827 1113 tignum

97 1134 180 1185 tristia
192 1137 301 1186 robustis
313 1136 444 1185 luctantur
455 1135 546 1185 funera
558 1133 699 1197 plaustris,

60 1231 70 1270 5
98 1223 146 1272 hae
159 1224 263 1275 rabiosa
276 1224 344 1287 fugit
356 1225 443 1284 canis,
458 1223 506 1273 hac
519 1222 646 1272 lutulente
659 1225 714 1273 ruit
725 1239 781 1275 sus:

97 1311 106 1358 i
119 1326 188 1360 nunc
200 1323 227 1362 et
239 1327 324 1362 versus
337 1320 422 1362 tecum
435 1312 558 1360 meditare
572 1326 700 1362 canoros.

97 1399 251 1462 scriptorum
264 1400 357 1448 chorus
371 1399 456 1447 omnis
469 1406 540 1447 amat
552 1414 644 1449 nemus
654 1408 680 1450 et
691 1401 759 1467 fugit
768 1399 829 1450 urbis

97 1486 146 1534 rite
159 1485 240 1536 eliens
252 1485 350 1535 Bacchi
362 1499 453 1534 somno
469 1485 605 1547 gaudentis
619 1496 645 1538 et
658 1490 767 1539 umbre:

98 1583 127 1624 tu
140 1589 180 1623 me
192 1574 259 1625 inter
272 1574 391 1637 strepitus
404 1582 544 1623 nocturnos
557 1580 636 1638 atque
650 1577 758 1627 diurnos

60 1675 72 1712 o
99 1665 137 1714 vis
149 1679 240 1714 canere
253 1672 279 1714 et
291 1671 424 1712 contracta
437 1663 509 1726 sequi
522 1663 630 1727 vestigia
643 1666 753 1715 vatum?

99 1754 248 1818 ingenium,
262 1753 311 1803 sibi
325 1753 393 1815 quod
407 1768 500 1802 vacuas
513 1753 654 1816 desumpsit
666 1754 784 1805 Athenas

100 1850 126 1892 et
137 1843 227 1892 studiis
240 1829 322 1892 annos
335 1849 431 1905 septem
444 1841 515 1890 dedit
527 1840 688 1903 insenuitque

99 1932 173 1981 libris
186 1941 210 1981 et
224 1933 307 1992 euris,
322 1938 405 1980 statua
417 1929 569 1978 taciturnius
582 1929 636 1977 exit

101 2021 252 2082 plerumque
265 2029 290 2069 et
302 2019 354 2068 risu
365 2017 491 2082 populum
504 2017 602 2080 quatit:
624 2016 667 2064 hic
679 2031 727 2081 ego
741 2032 825 2067 rerum

63 2113 74 2152 5
102 2108 220 2158 fluctibus
234 2110 261 2157 in
274 2107 364 2158 mediis
377 2114 402 2155 et
413 2105 607 2169 tempestatibus
619 2103 689 2153 urbis

102 2197 180 2244 verba
193 2197 263 2258 lyrae
277 2205 380 2245 motura
392 2209 483 2244 sonum
496 2202 628 2243 conectere
641 2192 752 2256 digner?

103 2283 183 2331 frater
196 2291 250 2332 erat
263 2283 362 2331 Romae
375 2282 486 2331 consulti
498 2282 599 2341 rhetor,
614 2288 643 2329 ut
655 2279 718 2328 aiter
797 2298 803 2357 q

104 2370 207 2419 alterius
219 2384 336 2421 sermone
349 2385 432 2419 meros
445 2370 545 2418 audiret
557 2369 683 2428 honores,
800 2368 805 2377 '

104 2458 236 2508 Gracchus
249 2466 277 2507 ut
289 2456 332 2505 hic
345 2457 399 2517 illi,
415 2457 482 2506 foret
495 2457 557 2505 huic
570 2465 598 2506 ut
611 2457 713 2506 Mucius
724 2457 781 2508 ille.
798 2458 814 2497 ἱ

61 2556 78 2594 te
106 2548 150 2609 qui
163 2547 246 2595 minus
259 2552 362 2609 argutos
374 2553 451 2593 vexat
463 2545 535 2593 furor
547 2545 594 2594 iste
607 2545 713 2608 poetas?
796 2550 818 2596 is

106 2635 222 2684 carmina
234 2645 369 2695 conpone,
384 2631 426 2679 hic
440 2631 541 2696 elegos.
568 2632 686 2682 mirabile
699 2634 755 2682 visu
796 2612 821 2671 Υ
