1770 2984
120 190 156 239 40
412 183 577 227 onnnrnun

121 347 246 397 Liberum
258 355 284 397 et
296 362 381 397 musas
393 347 572 408 Veneremque
585 352 610 394 et
621 345 661 394 illi

68 445 94 483 10
122 451 220 499 semper
232 435 381 485 haerentem
393 449 503 498 puerum
515 432 625 484 canebat

122 531 147 574 et
159 524 258 589 Lycum
270 524 351 586 nigris
364 524 444 573 oculis
455 524 581 588 nigroque

121 613 192 662 crine
205 612 341 663 decorum.

122 769 138 803 o
151 754 228 804 decus
240 752 342 802 Phoebi
354 760 379 802 et
391 751 500 815 dapibus
512 751 624 815 supremi

120 850 195 907 grata
206 841 307 892 testudo
320 840 401 901 Iovis,
417 854 435 888 o
446 839 566 888 laborum

70 938 95 976 uo
123 931 197 980 dulce
209 930 322 980 lenimen
335 928 399 978 mihi
412 942 537 990 cumque,
551 927 634 989 salve,

120 1019 169 1069 rite
180 1019 298 1070 vocanti.

416 1194 575 1201 ———

430 1384 560 1435 XXXIII.

125 1562 201 1625 Albi,
215 1577 247 1612 ne
261 1562 348 1611 doleas
360 1563 417 1625 plns
428 1562 510 1611 nimio
523 1576 622 1612 memor

124 1651 224 1701 inmitis
238 1649 373 1713 Glycerae,
388 1664 439 1699 neu
452 1650 605 1700 miserabilis

126 1742 245 1790 decantes
257 1738 343 1803 elegos
355 1753 400 1786 cnr
412 1737 460 1786 tibi
473 1739 558 1788 iunior

125 1829 196 1877 laese
207 1826 350 1890 praenitent
363 1825 426 1875 fide.

87 1976 98 2014 δ
127 1970 256 2033 insignem
268 1968 339 2018 tenui
352 1968 438 2017 fronte
449 1966 579 2032 Lycorida

127 2057 188 2122 Cyri
200 2064 280 2107 torret
292 2070 376 2115 umor,
392 2054 475 2118 Cyrus
487 2056 515 2105 in
528 2070 644 2119 asperum

129 2145 240 2194 declinat
252 2143 385 2192 Pholoen:
408 2144 452 2192 sed
464 2144 535 2206 prius
548 2143 660 2207 Appulis

128 2234 266 2296 iungentur
279 2243 386 2294 capreoe
398 2230 467 2293 lupis

130 2389 209 2439 quum
220 2373 289 2438 turpi
302 2371 400 2422 Pholoe
412 2380 500 2436 peccet
512 2372 641 2423 adultero.

77 2472 102 2510 ιο
130 2463 167 2513 sic
178 2463 259 2512 visum
272 2461 382 2523 Veneri,
396 2462 438 2510 cui
452 2461 536 2524 placet
546 2461 645 2524 inpuris

131 2551 227 2601 formas
239 2558 315 2613 atque
328 2550 428 2599 animos
440 2549 487 2599 snb
500 2550 562 2614 iuga
574 2562 655 2598 aenea

130 2655 205 2690 saevo
219 2638 319 2688 mittere
331 2653 391 2687 cum
403 2639 475 2687 ioco.
