1784 3000
124 183 174 230 252
407 175 588 217 sarratam

121 341 228 389 dimittit
240 354 322 401 neque
335 339 464 386 famosum
476 353 561 400 neque
577 338 720 388 sollicitum
734 355 769 390 ne

121 430 199 477 ditior
212 436 257 476 aut
269 426 369 476 formae
383 427 496 476 melioris
509 427 588 476 meiat
603 427 709 476 eodem.

120 526 147 565 tu
161 533 220 566 cum
233 517 355 579 proiectis
367 515 526 578 insignibus,
541 514 620 564 anulo
635 517 749 578 equestri

120 606 292 668 Romanoque
304 604 411 664 habitu,
425 605 512 667 prodis
526 619 559 653 ex
571 604 657 653 iudice
671 603 761 654 Dama

67 698 93 738 55
121 694 217 758 turpis,
234 695 371 743 odoratum
384 702 461 756 caput
474 694 627 742 obscurante
639 691 767 752 lacerna,

120 797 174 832 non
187 797 213 831 es
226 784 295 845 quod
308 781 429 830 simulas?
442 789 558 831 metuens
570 765 700 830 induceris
714 789 797 844 atque

121 871 259 920 altercante
271 869 421 918 libidinibus
434 871 521 919 tremis
535 883 592 918 ossa
605 883 714 932 pavore.

120 960 182 1022 quid
196 957 289 1018 refert,
304 957 344 1005 uri
357 958 434 1022 virgis
445 957 563 1020 ferroque
575 958 664 1007 necari

121 1055 269 1097 auctoratus
281 1061 323 1095 eas
336 1060 370 1094 an
382 1046 452 1109 turpi
466 1045 567 1094 clausus
580 1047 607 1094 iu
621 1059 697 1104 arca,

67 1139 93 1178 6⁰
122 1150 173 1199 quo
186 1143 211 1185 te
226 1135 328 1185 demisit
340 1135 440 1198 peccati
454 1135 557 1183 conscia
570 1134 655 1193 erilis,

121 1231 281 1274 contractum
293 1223 401 1287 genibus
414 1232 505 1286 tangas
519 1222 613 1285 caput?
626 1231 696 1271 estne
709 1224 808 1273 marito

119 1318 253 1360 matronae
266 1312 396 1375 peccantis
409 1312 436 1359 in
448 1310 526 1358 ambo
539 1311 608 1359 iusta
619 1311 752 1373 potestas?

119 1400 147 1447 in
159 1404 336 1461 corruptorem
348 1400 387 1446 vel
400 1399 507 1449 iustior.
533 1398 579 1446 illa
592 1405 679 1447 tamen
692 1413 719 1447 se

118 1501 172 1536 non
184 1485 275 1534 habitu
289 1493 401 1534 mutatve
413 1486 472 1535 loco
486 1496 605 1550 peccatve
618 1501 743 1548 superne,

65 1577 92 1616 ⁶5
120 1590 180 1623 cum
191 1581 216 1622 te
229 1573 350 1622 formidet
364 1575 456 1623 mulier
468 1589 552 1636 neque
565 1575 653 1623 credat
665 1576 765 1625 amanti
779 1614 784 1626 .

118 1663 168 1711 ibis
180 1661 226 1711 sub
239 1662 341 1712 furcam
353 1664 464 1726 prudeus
477 1663 634 1724 dominoque
648 1664 745 1712 furenti

118 1752 253 1800 conmittes
266 1766 320 1800 rem
333 1765 437 1800 omnem
450 1758 475 1800 et
487 1752 566 1801 vitam
579 1759 603 1800 et
616 1766 676 1799 cum
689 1766 799 1814 corpore
813 1754 844 1803 fa¹

118 1841 210 1891 evasti.
237 1841 329 1902 credo,
340 1847 440 1889 metues
453 1840 593 1902 doctusque
607 1839 722 1888 cavebis:

119 1942 224 1988 quaeres
238 1929 341 1991 quando
353 1928 446 1977 iterum
459 1943 551 1990 paveas
564 1929 707 1989 iterumque
720 1930 805 1990 perire

66 2018 91 2056 '1⁰
119 2018 216 2078 possis,
231 2031 247 2066 o
260 2018 354 2067 totiens
366 2031 463 2065 servus.
492 2031 556 2078 quae
572 2015 649 2064 belua
662 2017 761 2078 ruptis,

120 2116 179 2151 cum
191 2105 268 2154 semel
282 2105 387 2169 effugit,
401 2105 485 2154 reddit
497 2119 522 2154 se
536 2119 615 2167 prava
628 2104 744 2152 catenis?

118 2188 195 2237 “non
207 2205 263 2238 sum
276 2185 417 2241 moechus’'
430 2193 481 2241 uis:
498 2207 580 2254 neque
594 2205 658 2255 ego,
671 2191 793 2255 hercule,
811 2195 844 2243 fu,

473 2280 518 2328 ubi
531 2295 592 2328 vasa

120 2372 253 2426 praetereo
266 2365 367 2428 sapiens
380 2375 514 2432 argentea.
542 2367 604 2417 tolle
617 2368 758 2430 periclum:

121 2453 173 2500 iam
185 2466 252 2516 vaga
264 2453 381 2516 prosiliet
394 2454 473 2504 frenis
485 2463 578 2504 natura
591 2457 711 2507 remotis.

66 2548 100 2589 tt.
120 2548 182 2590 tune
194 2540 259 2589 mihi
272 2540 404 2603 dominus,
420 2556 506 2590 rerum
518 2544 633 2607 imperiis
646 2544 836 2609 hominumque

104 2631 296 2698 certantisque
308 2631 415 2699 minor,
431 2645 513 2696 quem
523 2639 564 2680 ter
576 2631 695 2679 vindicta
706 2639 844 2688 erueremus
