<?xml version="1.0" encoding="UTF-8"?>
<!DOCTYPE html PUBLIC "-//W3C//DTD XHTML 1.0 Transitional//EN"
    "http://www.w3.org/TR/xhtml1/DTD/xhtml1-transitional.dtd">
<html xmlns="http://www.w3.org/1999/xhtml" xml:lang="en" lang="en">
 <head>
  <title>
</title>
<meta http-equiv="Content-Type" content="text/html;charset=utf-8" />
  <meta name='ocr-system' content='tesseract 3.04.00' />
  <meta name='ocr-capabilities' content='ocr_page ocr_carea ocr_par ocr_line ocrx_word'/>
</head>
<body>
  <div class='ocr_page' id='page_1' title='image "./qhoratiflacciop00vahlgoog_0273.png"; bbox 0 0 1770 2984; ppageno 0'>
   <div class='ocr_carea' id='block_1_1' title="bbox 118 181 578 236">
    <p class='ocr_par' dir='ltr' id='par_1_1' title="bbox 118 181 578 236">
     <span class='ocr_line' id='line_1_1' title="bbox 118 181 578 236; baseline -0.004 -12"><span class='ocrx_word' id='word_1_1' title='bbox 118 189 170 236; x_wconf 78' lang='lat'><strong>264</strong></span> <span class='ocrx_word' id='word_1_2' title='bbox 398 181 578 224; x_wconf 78' lang='lat' dir='ltr'><strong>samnsums</strong></span> 
     </span>
    </p>
   </div>
   <div class='ocr_carea' id='block_1_2' title="bbox 67 344 884 1468">
    <p class='ocr_par' dir='ltr' id='par_1_2' title="bbox 67 344 884 1468">
     <span class='ocr_line' id='line_1_2' title="bbox 119 344 775 408; baseline -0.002 -13"><span class='ocrx_word' id='word_1_3' title='bbox 119 348 198 395; x_wconf 90' lang='lat' dir='ltr'><strong>virtus</strong></span> <span class='ocrx_word' id='word_1_4' title='bbox 211 353 288 408; x_wconf 88' lang='lat' dir='ltr'><strong>atque</strong></span> <span class='ocrx_word' id='word_1_5' title='bbox 301 344 402 394; x_wconf 85' lang='lat' dir='ltr'><strong>animus</strong></span> <span class='ocrx_word' id='word_1_6' title='bbox 415 345 483 393; x_wconf 88' lang='lat' dir='ltr'><strong>cenis</strong></span> <span class='ocrx_word' id='word_1_7' title='bbox 496 351 638 407; x_wconf 85' lang='lat' dir='ltr'><strong>responsat</strong></span> <span class='ocrx_word' id='word_1_8' title='bbox 651 344 775 408; x_wconf 76' lang='lat' dir='ltr'><strong>opimis?</strong></span> 
     </span>
     <span class='ocr_line' id='line_1_3' title="bbox 120 430 781 496; baseline -0.002 -14"><span class='ocrx_word' id='word_1_9' title='bbox 120 435 271 496; x_wconf 85' lang='lat' dir='ltr'>obsequium</span> <span class='ocrx_word' id='word_1_10' title='bbox 285 433 380 482; x_wconf 91' lang='lat' dir='ltr'><strong>ventris</strong></span> <span class='ocrx_word' id='word_1_11' title='bbox 392 433 456 482; x_wconf 93' lang='lat' dir='ltr'><strong>mihi</strong></span> <span class='ocrx_word' id='word_1_12' title='bbox 469 430 643 496; x_wconf 74' lang='lat' dir='ltr'><strong>perniciosius</strong></span> <span class='ocrx_word' id='word_1_13' title='bbox 654 439 697 482; x_wconf 87' lang='lat' dir='ltr'><strong>est</strong></span> <span class='ocrx_word' id='word_1_14' title='bbox 711 433 781 483; x_wconf 76' lang='lat' dir='ltr'><strong>cur?</strong></span> 
     </span>
     <span class='ocr_line' id='line_1_4' title="bbox 67 520 742 586; baseline 0.001 -17"><span class='ocrx_word' id='word_1_15' title='bbox 67 531 105 569; x_wconf 82' lang='lat' dir='ltr'><strong>1ot</strong></span> <span class='ocrx_word' id='word_1_16' title='bbox 119 531 191 586; x_wconf 85' lang='lat' dir='ltr'><strong>tergo</strong></span> <span class='ocrx_word' id='word_1_17' title='bbox 205 523 304 585; x_wconf 92' lang='lat' dir='ltr'><strong>plector</strong></span> <span class='ocrx_word' id='word_1_18' title='bbox 316 522 401 570; x_wconf 88' lang='lat' dir='ltr'><strong>enim.</strong></span> <span class='ocrx_word' id='word_1_19' title='bbox 428 522 472 584; x_wconf 94' lang='lat' dir='ltr'><strong>qui</strong></span> <span class='ocrx_word' id='word_1_20' title='bbox 481 528 510 570; x_wconf 92' lang='lat' dir='ltr'><strong>tu</strong></span> <span class='ocrx_word' id='word_1_21' title='bbox 522 520 675 583; x_wconf 84' lang='lat' dir='ltr'><strong>inpunitior</strong></span> <span class='ocrx_word' id='word_1_22' title='bbox 688 521 742 570; x_wconf 85' lang='lat' dir='ltr'><strong>illa</strong></span> 
     </span>
     <span class='ocr_line' id='line_1_5' title="bbox 120 608 750 673; baseline 0 -16"><span class='ocrx_word' id='word_1_23' title='bbox 120 623 186 672; x_wconf 85' lang='lat' dir='ltr'><strong>quae</strong></span> <span class='ocrx_word' id='word_1_24' title='bbox 198 624 276 672; x_wconf 87' lang='lat' dir='ltr'><strong>parvo</strong></span> <span class='ocrx_word' id='word_1_25' title='bbox 289 610 355 659; x_wconf 88' lang='lat' dir='ltr'><strong>sumi</strong></span> <span class='ocrx_word' id='word_1_26' title='bbox 367 616 499 673; x_wconf 90' lang='lat' dir='ltr'><strong>nequeunt</strong></span> <span class='ocrx_word' id='word_1_27' title='bbox 511 608 622 657; x_wconf 88' lang='lat' dir='ltr'><strong>obsonia</strong></span> <span class='ocrx_word' id='word_1_28' title='bbox 634 609 750 671; x_wconf 73' lang='lat' dir='ltr'><strong>captas?</strong></span> 
     </span>
     <span class='ocr_line' id='line_1_6' title="bbox 120 696 775 761; baseline 0.002 -14"><span class='ocrx_word' id='word_1_29' title='bbox 120 713 211 761; x_wconf 89' lang='lat' dir='ltr'><strong>nempe</strong></span> <span class='ocrx_word' id='word_1_30' title='bbox 224 699 415 747; x_wconf 78' lang='lat' dir='ltr'><strong>inamarescunt</strong></span> <span class='ocrx_word' id='word_1_31' title='bbox 427 696 518 760; x_wconf 82' lang='lat' dir='ltr'><strong>epulae</strong></span> <span class='ocrx_word' id='word_1_32' title='bbox 530 697 586 745; x_wconf 87' lang='lat' dir='ltr'><strong>sine</strong></span> <span class='ocrx_word' id='word_1_33' title='bbox 599 696 652 746; x_wconf 87' lang='lat' dir='ltr'><strong>fine</strong></span> <span class='ocrx_word' id='word_1_34' title='bbox 665 698 775 760; x_wconf 82' lang='lat' dir='ltr'><strong>potitae</strong></span> 
     </span>
     <span class='ocr_line' id='line_1_7' title="bbox 120 785 688 849; baseline 0 -15"><span class='ocrx_word' id='word_1_35' title='bbox 120 787 252 849; x_wconf 85' lang='lat' dir='ltr'><strong>inlusique</strong></span> <span class='ocrx_word' id='word_1_36' title='bbox 265 787 341 849; x_wconf 87' lang='lat' dir='ltr'><strong>pedes</strong></span> <span class='ocrx_word' id='word_1_37' title='bbox 352 786 474 835; x_wconf 87' lang='lat' dir='ltr'><strong>vitiosum</strong></span> <span class='ocrx_word' id='word_1_38' title='bbox 486 785 553 834; x_wconf 82' lang='lat' dir='ltr'><strong>ferre</strong></span> <span class='ocrx_word' id='word_1_39' title='bbox 565 791 688 834; x_wconf 80' lang='lat' dir='ltr'><strong>recusant</strong></span> 
     </span>
     <span class='ocr_line' id='line_1_8' title="bbox 122 873 875 937; baseline -0.003 -13"><span class='ocrx_word' id='word_1_40' title='bbox 122 890 228 937; x_wconf 85' lang='lat' dir='ltr'><strong>corpus.</strong></span> <span class='ocrx_word' id='word_1_41' title='bbox 257 889 289 922; x_wconf 89' lang='lat' dir='ltr'><strong>an</strong></span> <span class='ocrx_word' id='word_1_42' title='bbox 303 874 346 923; x_wconf 92' lang='lat' dir='ltr'><strong>hic</strong></span> <span class='ocrx_word' id='word_1_43' title='bbox 359 881 462 937; x_wconf 86' lang='lat' dir='ltr'><strong>peccat,</strong></span> <span class='ocrx_word' id='word_1_44' title='bbox 478 874 525 921; x_wconf 89' lang='lat' dir='ltr'><strong>sub</strong></span> <span class='ocrx_word' id='word_1_45' title='bbox 537 880 642 922; x_wconf 82' lang='lat' dir='ltr'><strong>noctem</strong></span> <span class='ocrx_word' id='word_1_46' title='bbox 656 873 704 934; x_wconf 89' lang='lat' dir='ltr'><strong>qui</strong></span> <span class='ocrx_word' id='word_1_47' title='bbox 719 887 789 937; x_wconf 88' lang='lat' dir='ltr'><strong>puer</strong></span> <span class='ocrx_word' id='word_1_48' title='bbox 801 887 875 922; x_wconf 80' lang='lat' dir='ltr'><strong>uvam</strong></span> 
     </span>
     <span class='ocr_line' id='line_1_9' title="bbox 70 960 844 1026; baseline 0.006 -21"><span class='ocrx_word' id='word_1_49' title='bbox 70 970 108 1007; x_wconf 88' lang='lat'><strong>110</strong></span> <span class='ocrx_word' id='word_1_50' title='bbox 123 964 218 1012; x_wconf 83' lang='lat' dir='ltr'><strong>furtiva</strong></span> <span class='ocrx_word' id='word_1_51' title='bbox 231 970 315 1012; x_wconf 82' lang='lat' dir='ltr'><strong>mutat</strong></span> <span class='ocrx_word' id='word_1_52' title='bbox 327 961 438 1026; x_wconf 78' lang='lat' dir='ltr'><strong>strigili?</strong></span> <span class='ocrx_word' id='word_1_53' title='bbox 463 962 508 1024; x_wconf 92' lang='lat' dir='ltr'><strong>qui</strong></span> <span class='ocrx_word' id='word_1_54' title='bbox 520 960 628 1025; x_wconf 81' lang='lat' dir='ltr'><strong>praedia</strong></span> <span class='ocrx_word' id='word_1_55' title='bbox 639 960 752 1022; x_wconf 84' lang='lat' dir='ltr'><strong>vendit,</strong></span> <span class='ocrx_word' id='word_1_56' title='bbox 841 983 844 988; x_wconf 97' lang='lat'>·</span> 
     </span>
     <span class='ocr_line' id='line_1_10' title="bbox 122 1047 818 1115; baseline 0.001 -16"><span class='ocrx_word' id='word_1_57' title='bbox 122 1052 158 1099; x_wconf 92' lang='lat' dir='ltr'><strong>nil</strong></span> <span class='ocrx_word' id='word_1_58' title='bbox 171 1052 260 1101; x_wconf 85' lang='lat' dir='ltr'><strong>servile</strong></span> <span class='ocrx_word' id='word_1_59' title='bbox 273 1050 347 1115; x_wconf 82' lang='lat' dir='ltr'><strong>gulae</strong></span> <span class='ocrx_word' id='word_1_60' title='bbox 360 1064 452 1113; x_wconf 85' lang='lat' dir='ltr'><strong>parens</strong></span> <span class='ocrx_word' id='word_1_61' title='bbox 464 1048 560 1098; x_wconf 79' lang='lat' dir='ltr'><strong>habet?</strong></span> <span class='ocrx_word' id='word_1_62' title='bbox 573 1047 640 1097; x_wconf 87' lang='lat' dir='ltr'><strong>adde</strong></span> <span class='ocrx_word' id='word_1_63' title='bbox 653 1049 730 1110; x_wconf 85' lang='lat' dir='ltr'><strong>quod</strong></span> <span class='ocrx_word' id='word_1_64' title='bbox 744 1050 818 1100; x_wconf 84' lang='lat' dir='ltr'><strong>idem</strong></span> 
     </span>
     <span class='ocr_line' id='line_1_11' title="bbox 122 1136 775 1202; baseline 0.002 -15"><span class='ocrx_word' id='word_1_65' title='bbox 122 1153 176 1187; x_wconf 92' lang='lat' dir='ltr'><strong>non</strong></span> <span class='ocrx_word' id='word_1_66' title='bbox 189 1140 280 1188; x_wconf 91' lang='lat' dir='ltr'><strong>horam</strong></span> <span class='ocrx_word' id='word_1_67' title='bbox 294 1147 379 1188; x_wconf 90' lang='lat' dir='ltr'><strong>tecum</strong></span> <span class='ocrx_word' id='word_1_68' title='bbox 392 1152 443 1187; x_wconf 89' lang='lat' dir='ltr'><strong>esse</strong></span> <span class='ocrx_word' id='word_1_69' title='bbox 456 1145 544 1202; x_wconf 83' lang='lat' dir='ltr'><strong>potes,</strong></span> <span class='ocrx_word' id='word_1_70' title='bbox 559 1150 614 1185; x_wconf 86' lang='lat' dir='ltr'><strong>non</strong></span> <span class='ocrx_word' id='word_1_71' title='bbox 626 1136 683 1185; x_wconf 85' lang='lat' dir='ltr'><strong>otia</strong></span> <span class='ocrx_word' id='word_1_72' title='bbox 696 1145 775 1188; x_wconf 89' lang='lat' dir='ltr'><strong>recte</strong></span> 
     </span>
     <span class='ocr_line' id='line_1_12' title="bbox 123 1224 766 1290; baseline 0 -16"><span class='ocrx_word' id='word_1_73' title='bbox 123 1242 233 1289; x_wconf 90' lang='lat' dir='ltr'><strong>ponere,</strong></span> <span class='ocrx_word' id='word_1_74' title='bbox 246 1236 323 1290; x_wconf 88' lang='lat' dir='ltr'><strong>teque</strong></span> <span class='ocrx_word' id='word_1_75' title='bbox 336 1228 421 1290; x_wconf 81' lang='lat' dir='ltr'><strong>iprum</strong></span> <span class='ocrx_word' id='word_1_76' title='bbox 433 1225 497 1274; x_wconf 83' lang='lat' dir='ltr'><strong>vitas</strong></span> <span class='ocrx_word' id='word_1_77' title='bbox 510 1224 632 1289; x_wconf 79' lang='lat' dir='ltr'><strong>fugitivus</strong></span> <span class='ocrx_word' id='word_1_78' title='bbox 645 1233 672 1274; x_wconf 88' lang='lat' dir='ltr'><strong>et</strong></span> <span class='ocrx_word' id='word_1_79' title='bbox 684 1238 766 1286; x_wconf 87' lang='lat' dir='ltr'><strong>erro,</strong></span> 
     </span>
     <span class='ocr_line' id='line_1_13' title="bbox 124 1311 809 1377; baseline 0.001 -15"><span class='ocrx_word' id='word_1_80' title='bbox 124 1316 177 1362; x_wconf 87' lang='lat' dir='ltr'><strong>iam</strong></span> <span class='ocrx_word' id='word_1_81' title='bbox 191 1316 250 1363; x_wconf 90' lang='lat' dir='ltr'><strong>vino</strong></span> <span class='ocrx_word' id='word_1_82' title='bbox 264 1330 404 1377; x_wconf 86' lang='lat' dir='ltr'><strong>quaerens,</strong></span> <span class='ocrx_word' id='word_1_83' title='bbox 418 1315 471 1364; x_wconf 88' lang='lat' dir='ltr'><strong>iam</strong></span> <span class='ocrx_word' id='word_1_84' title='bbox 484 1326 574 1362; x_wconf 90' lang='lat' dir='ltr'><strong>somno</strong></span> <span class='ocrx_word' id='word_1_85' title='bbox 588 1311 681 1362; x_wconf 82' lang='lat' dir='ltr'><strong>fallere</strong></span> <span class='ocrx_word' id='word_1_86' title='bbox 693 1327 809 1374; x_wconf 70' lang='lat' dir='ltr'><strong>curam</strong></span> 
     </span>
     <span class='ocr_line' id='line_1_14' title="bbox 72 1400 884 1468; baseline 0.004 -19"><span class='ocrx_word' id='word_1_87' title='bbox 72 1410 109 1449; x_wconf 74' lang='lat'><strong>115</strong></span> <span class='ocrx_word' id='word_1_88' title='bbox 125 1403 231 1450; x_wconf 88' lang='lat' dir='ltr'><strong>frustra:</strong></span> <span class='ocrx_word' id='word_1_89' title='bbox 255 1418 315 1451; x_wconf 85' lang='lat' dir='ltr'><strong>nam</strong></span> <span class='ocrx_word' id='word_1_90' title='bbox 329 1417 416 1453; x_wconf 87' lang='lat' dir='ltr'><strong>comes</strong></span> <span class='ocrx_word' id='word_1_91' title='bbox 427 1409 484 1451; x_wconf 87' lang='lat' dir='ltr'><strong>atra</strong></span> <span class='ocrx_word' id='word_1_92' title='bbox 496 1400 591 1465; x_wconf 89' lang='lat' dir='ltr'><strong>premit</strong></span> <span class='ocrx_word' id='word_1_93' title='bbox 603 1400 780 1464; x_wconf 78' lang='lat' dir='ltr'><strong>sequiturque</strong></span> <span class='ocrx_word' id='word_1_94' title='bbox 793 1402 884 1468; x_wconf 77' lang='lat' dir='ltr'><strong>fugace</strong></span> 
     </span>
    </p>
   </div>
   <div class='ocr_carea' id='block_1_3' title="bbox 123 1481 858 1820">
    <p class='ocr_par' dir='ltr' id='par_1_3' title="bbox 124 1481 833 1639">
     <span class='ocr_line' id='line_1_15' title="bbox 124 1481 833 1554; baseline 0.004 -16"><span class='ocrx_word' id='word_1_95' title='bbox 124 1492 192 1539; x_wconf 85' lang='lat' dir='ltr'><strong>unde</strong></span> <span class='ocrx_word' id='word_1_96' title='bbox 205 1490 269 1538; x_wconf 90' lang='lat' dir='ltr'><strong>mihi</strong></span> <span class='ocrx_word' id='word_1_97' title='bbox 283 1490 415 1554; x_wconf 85' lang='lat' dir='ltr'><strong>lapidem?</strong></span> <span class='ocrx_word' id='word_1_98' title='bbox 439 1483 577 1553; x_wconf 88' lang='lat' dir='ltr'><strong>‘quorsum</strong></span> <span class='ocrx_word' id='word_1_99' title='bbox 591 1496 626 1537; x_wconf 87' lang='lat' dir='ltr'><strong>est</strong></span> <span class='ocrx_word' id='word_1_100' title='bbox 639 1502 707 1552; x_wconf 91' lang='lat' dir='ltr'><strong>opus</strong></span> <span class='ocrx_word' id='word_1_101' title='bbox 717 1481 746 1538; x_wconf 73' lang='lat' dir='ltr'><strong>l&#39;</strong></span> <span class='ocrx_word' id='word_1_102' title='bbox 760 1491 833 1541; x_wconf 85' lang='lat' dir='ltr'><strong>unde</strong></span> 
     </span>
     <span class='ocr_line' id='line_1_16' title="bbox 478 1575 603 1639; baseline -0.016 -13"><span class='ocrx_word' id='word_1_103' title='bbox 478 1575 603 1639; x_wconf 77' lang='lat' dir='ltr'><strong>sagittus?</strong></span> 
     </span>
    </p>

    <p class='ocr_par' dir='ltr' id='par_1_4' title="bbox 123 1664 858 1717">
     <span class='ocr_line' id='line_1_17' title="bbox 123 1664 858 1717; baseline 0.001 -1"><span class='ocrx_word' id='word_1_104' title='bbox 123 1675 182 1716; x_wconf 83' lang='lat' dir='ltr'><strong>‘eut</strong></span> <span class='ocrx_word' id='word_1_105' title='bbox 194 1666 288 1714; x_wconf 86' lang='lat' dir='ltr'><strong>insanit</strong></span> <span class='ocrx_word' id='word_1_106' title='bbox 301 1667 380 1714; x_wconf 93' lang='lat' dir='ltr'><strong>homo</strong></span> <span class='ocrx_word' id='word_1_107' title='bbox 393 1673 438 1715; x_wconf 88' lang='lat' dir='ltr'><strong>aut</strong></span> <span class='ocrx_word' id='word_1_108' title='bbox 449 1680 533 1714; x_wconf 90' lang='lat' dir='ltr'><strong>versus</strong></span> <span class='ocrx_word' id='word_1_109' title='bbox 546 1664 634 1715; x_wconf 65' lang='lat' dir='ltr'><strong>facit?</strong></span> <span class='ocrx_word' id='word_1_110' title='bbox 661 1664 740 1716; x_wconf 88' lang='lat' dir='ltr'><strong>ocius</strong></span> <span class='ocrx_word' id='word_1_111' title='bbox 754 1666 819 1717; x_wconf 90' lang='lat' dir='ltr'><strong>hinc</strong></span> <span class='ocrx_word' id='word_1_112' title='bbox 832 1675 858 1717; x_wconf 87' lang='lat' dir='ltr'><strong>te</strong></span> 
     </span>
    </p>

    <p class='ocr_par' dir='ltr' id='par_1_5' title="bbox 125 1750 754 1820">
     <span class='ocr_line' id='line_1_18' title="bbox 125 1750 754 1820; baseline -0.002 -15"><span class='ocrx_word' id='word_1_113' title='bbox 125 1759 151 1805; x_wconf 92' lang='lat' dir='ltr'><strong>ni</strong></span> <span class='ocrx_word' id='word_1_114' title='bbox 165 1757 249 1820; x_wconf 87' lang='lat' dir='ltr'><strong>rapis,</strong></span> <span class='ocrx_word' id='word_1_115' title='bbox 265 1754 369 1804; x_wconf 85' lang='lat' dir='ltr'><strong>accedes</strong></span> <span class='ocrx_word' id='word_1_116' title='bbox 383 1768 462 1816; x_wconf 85' lang='lat' dir='ltr'><strong>opera</strong></span> <span class='ocrx_word' id='word_1_117' title='bbox 476 1767 537 1818; x_wconf 81' lang='lat' dir='ltr'><strong>agro</strong></span> <span class='ocrx_word' id='word_1_118' title='bbox 550 1767 621 1802; x_wconf 87' lang='lat' dir='ltr'><strong>nona</strong></span> <span class='ocrx_word' id='word_1_119' title='bbox 634 1750 754 1804; x_wconf 76' lang='lat' dir='ltr'><strong>Sabino,</strong></span> 
     </span>
    </p>
   </div>
   <div class='ocr_carea' id='block_1_4' title="bbox 90 2280 806 2695">
    <p class='ocr_par' dir='ltr' id='par_1_6' title="bbox 129 2280 597 2332">
     <span class='ocr_line' id='line_1_19' title="bbox 129 2280 597 2332; baseline -0.004 -3"><span class='ocrx_word' id='word_1_120' title='bbox 129 2282 161 2329; x_wconf 90' lang='lat' dir='ltr'><strong>Ut</strong></span> <span class='ocrx_word' id='word_1_121' title='bbox 176 2281 307 2328; x_wconf 85' lang='lat' dir='ltr'><strong>Nasidieni</strong></span> <span class='ocrx_word' id='word_1_122' title='bbox 321 2283 384 2330; x_wconf 90' lang='lat' dir='ltr'><strong>iuvit</strong></span> <span class='ocrx_word' id='word_1_123' title='bbox 398 2292 421 2332; x_wconf 85' lang='lat' dir='ltr'><strong>te</strong></span> <span class='ocrx_word' id='word_1_124' title='bbox 434 2297 497 2331; x_wconf 85' lang='lat' dir='ltr'><strong>cena</strong></span> <span class='ocrx_word' id='word_1_125' title='bbox 510 2280 597 2330; x_wconf 85' lang='lat' dir='ltr'><strong>beati?</strong></span> 
     </span>
    </p>

    <p class='ocr_par' dir='ltr' id='par_1_7' title="bbox 129 2367 806 2433">
     <span class='ocr_line' id='line_1_20' title="bbox 129 2367 806 2433; baseline 0.007 -17"><span class='ocrx_word' id='word_1_126' title='bbox 129 2385 188 2416; x_wconf 85' lang='lat' dir='ltr'><strong>nem</strong></span> <span class='ocrx_word' id='word_1_127' title='bbox 202 2369 266 2415; x_wconf 92' lang='lat' dir='ltr'><strong>mihi</strong></span> <span class='ocrx_word' id='word_1_128' title='bbox 280 2370 414 2418; x_wconf 85' lang='lat' dir='ltr'><strong>convivam</strong></span> <span class='ocrx_word' id='word_1_129' title='bbox 428 2368 560 2433; x_wconf 88' lang='lat' dir='ltr'><strong>quaerenti</strong></span> <span class='ocrx_word' id='word_1_130' title='bbox 573 2368 656 2417; x_wconf 89' lang='lat' dir='ltr'><strong>dictus</strong></span> <span class='ocrx_word' id='word_1_131' title='bbox 669 2367 730 2416; x_wconf 88' lang='lat' dir='ltr'><strong>here</strong></span> <span class='ocrx_word' id='word_1_132' title='bbox 745 2369 806 2421; x_wconf 90' lang='lat' dir='ltr'><strong>illic</strong></span> 
     </span>
    </p>

    <p class='ocr_par' dir='ltr' id='par_1_8' title="bbox 129 2456 795 2519">
     <span class='ocr_line' id='line_1_21' title="bbox 129 2456 795 2519; baseline 0.006 -15"><span class='ocrx_word' id='word_1_133' title='bbox 129 2459 160 2505; x_wconf 84' lang='lat' dir='ltr'><strong>dc</strong></span> <span class='ocrx_word' id='word_1_134' title='bbox 173 2456 258 2504; x_wconf 86' lang='lat' dir='ltr'><strong>medio</strong></span> <span class='ocrx_word' id='word_1_135' title='bbox 274 2463 364 2517; x_wconf 89' lang='lat' dir='ltr'><strong>potare</strong></span> <span class='ocrx_word' id='word_1_136' title='bbox 377 2457 432 2507; x_wconf 85' lang='lat' dir='ltr'><strong>die.</strong></span> <span class='ocrx_word' id='word_1_137' title='bbox 466 2459 516 2507; x_wconf 88' lang='lat' dir='ltr'><strong>‘sic</strong></span> <span class='ocrx_word' id='word_1_138' title='bbox 525 2464 553 2504; x_wconf 90' lang='lat' dir='ltr'><strong>ut</strong></span> <span class='ocrx_word' id='word_1_139' title='bbox 565 2457 630 2504; x_wconf 90' lang='lat' dir='ltr'><strong>mihi</strong></span> <span class='ocrx_word' id='word_1_140' title='bbox 642 2471 795 2519; x_wconf 81' lang='lat' dir='ltr'><strong>numquam</strong></span> 
     </span>
    </p>

    <p class='ocr_par' dir='ltr' id='par_1_9' title="bbox 90 2537 785 2695">
     <span class='ocr_line' id='line_1_22' title="bbox 129 2537 785 2607; baseline 0.006 -15"><span class='ocrx_word' id='word_1_141' title='bbox 129 2546 155 2592; x_wconf 91' lang='lat' dir='ltr'><strong>in</strong></span> <span class='ocrx_word' id='word_1_142' title='bbox 169 2546 222 2592; x_wconf 83' lang='lat' dir='ltr'><strong>vita</strong></span> <span class='ocrx_word' id='word_1_143' title='bbox 234 2543 311 2590; x_wconf 88' lang='lat' dir='ltr'><strong>fuerit</strong></span> <span class='ocrx_word' id='word_1_144' title='bbox 323 2537 439 2592; x_wconf 86' lang='lat' dir='ltr'><strong>melius.&#39;</strong></span> <span class='ocrx_word' id='word_1_145' title='bbox 465 2547 521 2605; x_wconf 87' lang='lat' dir='ltr'><strong>dic,</strong></span> <span class='ocrx_word' id='word_1_146' title='bbox 537 2545 557 2592; x_wconf 86' lang='lat' dir='ltr'><strong>si</strong></span> <span class='ocrx_word' id='word_1_147' title='bbox 570 2558 647 2606; x_wconf 82' lang='lat' dir='ltr'><strong>grave</strong></span> <span class='ocrx_word' id='word_1_148' title='bbox 658 2559 713 2592; x_wconf 91' lang='lat' dir='ltr'><strong>non</strong></span> <span class='ocrx_word' id='word_1_149' title='bbox 727 2555 785 2607; x_wconf 86' lang='lat' dir='ltr'><strong>est,</strong></span> 
     </span>
     <span class='ocr_line' id='line_1_23' title="bbox 90 2631 768 2695; baseline 0.009 -19"><span class='ocrx_word' id='word_1_150' title='bbox 90 2640 101 2676; x_wconf 75' lang='lat' dir='ltr'><strong>o</strong></span> <span class='ocrx_word' id='word_1_151' title='bbox 130 2647 195 2692; x_wconf 74' lang='lat' dir='ltr'><strong>(qnae</strong></span> <span class='ocrx_word' id='word_1_152' title='bbox 208 2632 292 2694; x_wconf 89' lang='lat' dir='ltr'><strong>prima</strong></span> <span class='ocrx_word' id='word_1_153' title='bbox 304 2631 399 2678; x_wconf 89' lang='lat' dir='ltr'><strong>iratum</strong></span> <span class='ocrx_word' id='word_1_154' title='bbox 412 2642 525 2681; x_wconf 90' lang='lat' dir='ltr'><strong>ventrem</strong></span> <span class='ocrx_word' id='word_1_155' title='bbox 538 2631 678 2695; x_wconf 84' lang='lat' dir='ltr'><strong>placaverit</strong></span> <span class='ocrx_word' id='word_1_156' title='bbox 691 2646 768 2683; x_wconf 86' lang='lat' dir='ltr'><strong>esca.</strong></span> 
     </span>
    </p>
   </div>
   <div class='ocr_carea' id='block_1_5' title="bbox 0 0 890 2984">
    <p class='ocr_par' dir='ltr' id='par_1_10' title="bbox 0 0 890 2984">
     <span class='ocr_line' id='line_1_24' title="bbox 0 0 890 2984; baseline 0 0"><span class='ocrx_word' id='word_1_157' title='bbox 0 0 890 2984; x_wconf 95' lang='lat' dir='ltr'><strong> </strong></span> 
     </span>
    </p>
   </div>
  </div>
 </body>
</html>
