1770 2984
123 193 175 242 334
430 181 471 222 DE
484 179 570 221 nult

123 360 151 399 ut
164 347 307 398 ridentibus
319 345 452 403 adrident‚
466 343 504 392 ito
516 341 639 392 flentibus
651 343 747 392 adflent

124 432 230 486 humani
243 435 341 484 voltus.
367 433 389 483 si
401 432 438 482 vis
450 429 578 490 medere,
593 429 761 481 dolendnmst

122 527 233 590 primum
246 522 296 586 ipsi
308 521 371 571 tibi:
391 527 447 570 tum
458 527 505 568 tus
516 532 558 567 me
570 517 720 568 infortunio
732 518 836 578 lesden,

122 612 235 676 Telephe
247 610 286 659 vel
298 609 394 659 Peleu:
414 593 483 656 mole
494 607 517 656 si
529 607 657 656 mondsts
669 605 796 670 loqueris,

70 705 108 745 rot
123 708 169 749 sut
180 699 326 748 dormitabo
340 705 385 747 sut
396 695 502 745 ridebo.
529 695 613 744 tristia
625 704 758 745 moestum

121 788 221 838 voltum
233 786 311 836 verbu
322 786 428 846 decent,
442 785 538 833 iratum
550 782 628 847 plenu
640 783 786 844 minarum,

121 877 251 926 ludentem
265 875 375 934 lsscivs,
389 886 506 922 severum
518 871 584 922 seris
596 870 684 923 dictu.

122 964 217 1013 formet
229 964 298 1013 enim
311 970 404 1012 nutura
416 959 488 1024 prins
500 973 548 1008 nos
559 960 629 1009 intus
642 959 676 1009 sd
690 973 796 1010 omnem

122 1052 285 1101 fortunarum
297 1050 430 1110 hebitnm3
451 1049 524 1098 iuuet
534 1055 580 1098 out
592 1047 695 1111 inpellit
708 1049 742 1098 ud
754 1049 831 1109 honr,

69 1147 108 1184 110
125 1140 216 1189 autad
229 1141 336 1188 humum
349 1151 464 1188 moerore
476 1137 550 1201 gravi
562 1135 667 1187 deducit
679 1145 704 1188 et
717 1137 803 1202 ungit:

121 1236 179 1292 post
191 1227 265 1277 effert
277 1227 358 1276 animi
371 1234 455 1275 motus
466 1225 604 1290 interprete
616 1225 723 1290 lingue.

121 1317 143 1366 si
156 1317 265 1366 dicentis
277 1322 353 1364 erunt
364 1314 476 1365 fortunis
488 1314 586 1365 sbsonu
599 1314 686 1376 dioto,

120 1403 232 1453 Romani
245 1403 338 1453 tollent
349 1404 448 1467 equites
459 1403 608 1467 peditesque
622 1402 795 1453 cachinnum.

121 1491 238 1541 intererit
250 1491 358 1540 multum
370 1491 477 1541 dirusne
488 1491 611 1553 loquatur
623 1490 763 1552 culturos,

68 1587 107 1627 115
121 1588 271 1630 maturusne
283 1594 361 1629 senex
373 1595 408 1629 en
420 1580 505 1628 adhuc
516 1578 623 1630 florente
635 1579 742 1630 iuventa

121 1669 251 1728 fervidus,
266 1678 291 1718 et
303 1676 421 1719 matrona
434 1675 524 1731 potens
536 1683 570 1717 un
583 1666 670 1717 sedule
683 1669 788 1728 nutrix,

121 1765 279 1817 mercatorne
292 1772 371 1821 vagus
384 1756 499 1805 cultorne
511 1755 616 1805 virentis
629 1755 722 1820 agelli,

122 1844 233 1895 Colchus
247 1860 280 1892 an
292 1843 427 1909 Assyrius,
442 1843 539 1894 Thebis
551 1844 662 1893 nutritus
675 1858 709 1891 an
721 1844 815 1909 Argis.

121 1943 165 1983 aut
177 1933 276 1982 fumum
288 1947 394 1996 sequere
407 1941 452 1982 sut
463 1933 511 1982 sibi
524 1931 705 1982 convenientis
717 1931 802 1997 finge.

68 2028 106 2067 rto
120 2023 229 2085 scriptor
240 2020 399 2071 Homereum
411 2023 431 2070 si
445 2021 511 2071 sorte
524 2021 627 2084 reponis
639 2019 786 2082 Achillem,

120 2111 235 2175 inpiger,
249 2111 405 2168 iracundus,
419 2109 603 2170 inexorabilis,
621 2123 680 2158 noer

119 2197 176 2244 iura
188 2205 264 2261 neget
276 2198 325 2246 sibi
337 2206 414 2258 nota,
429 2198 495 2246 nihil
507 2210 560 2247 non
573 2197 679 2258 adroget
692 2197 785 2250 ermis.

119 2284 152 2332 sit
164 2283 257 2332 Medea
269 2285 344 2333 ferox
356 2287 516 2349 invictaque,
532 2284 623 2334 flebilis
634 2284 699 2346 Ino,

120 2371 230 2436 perfidus
242 2370 335 2431 lxion,
349 2372 379 2422 Io
392 2389 472 2439 vegs,
486 2374 565 2423 tristis
576 2372 694 2423 Orestes.

66 2467 105 2507 12⁶
120 2461 204 2523 siquid
217 2460 380 2523 inexpertum
393 2477 499 2513 souense
512 2463 643 2512 conmittis
656 2471 681 2510 et
694 2462 773 2511 sudes

119 2562 256 2612 personum
268 2546 380 2598 formare
393 2564 501 2611 novem,
516 2557 627 2602 servetur
640 2550 673 2598 od
686 2551 769 2599 imum

117 2637 202 2702 qualis
213 2636 246 2688 ab
260 2637 365 2704 incepto
377 2639 531 2702 processerit
543 2645 569 2687 et
578 2637 630 2686 sihi
639 2646 750 2687 constet.
