1770 2984
102 142 155 189 aec
370 133 589 177 nersrnnssun

101 313 158 347 rure
171 311 229 346 mec
242 312 346 361 possum
358 297 460 360 quidvis
471 296 585 362 perferre
597 296 722 361 patique:

102 387 134 434 sd
148 400 218 436 mare
232 386 377 446 eumeni,
393 400 545 448 generosum
559 393 584 435 et
595 385 654 434 lene
666 387 792 448 requiro,

102 474 172 537 quod
185 488 258 524 curas
272 474 374 539 abigat,
390 475 460 538 quod
473 489 531 524 cum
544 487 589 538 spe
601 472 682 522 divite
694 482 789 525 manet

101 564 127 611 in
141 576 217 612 venas
230 562 397 626 animumque
409 578 511 624 meum,
526 562 594 626 quod
606 561 687 611 verba
698 563 843 622 ministret,

103 652 173 714 quod
188 666 229 701 me
241 651 362 700 Lucanae
374 652 494 702 iuvenem
507 649 671 701 commendet
683 650 815 714 amicae);

102 747 198 789 tractus
209 746 266 789 uter
278 739 359 803 pluris
371 739 487 804 lepores,
501 747 559 789 uter
572 739 664 788 educet
678 722 775 802 apros3
849 773 852 778 -

103 837 159 877 utra
172 828 255 890 magis
266 827 344 891 piscis
356 835 381 877 et
394 828 500 876 echinos
513 841 629 890 aequora
640 826 743 887 celent,

102 917 207 981 pinguis
220 923 248 966 ut
260 916 320 965 inde
333 915 438 964 domum
451 917 549 979 possim
561 915 722 977 Phaeaxque
735 915 845 975 reverti,

104 1004 212 1054 scribere
225 1012 250 1054 te
262 1004 352 1063 nobis,
366 1003 415 1052 tibi
425 1017 473 1052 nos
484 1003 620 1054 adcredere
633 1017 681 1066 par
693 1010 747 1052 est,

106 1093 240 1154 Maenius,
253 1099 283 1141 ut
295 1092 368 1142 rebus
380 1091 503 1141 maternis
516 1097 592 1154 atque
604 1091 719 1154 paternis

106 1181 207 1231 fortiter
221 1180 362 1244 absumptis
374 1181 488 1229 urbanus
501 1180 588 1243 coepit
600 1178 706 1238 haberi,

107 1284 195 1319 scurra
206 1284 302 1334 vagus,
316 1283 369 1318 non
383 1269 427 1332 qni
441 1276 540 1319 certum
552 1281 674 1331 praesepe
686 1275 806 1328 teneret,

107 1361 244 1422 inpransus
257 1372 309 1406 non
322 1357 366 1420 qui
380 1358 463 1406 civem
475 1357 634 1420 dignosceret
646 1355 737 1416 hoste,

109 1445 238 1511 quaelibet
250 1446 278 1494 in
291 1445 406 1508 quemvis
419 1444 558 1509 opprobria
570 1443 665 1506 lingere
677 1457 787 1503 saevus,

108 1534 234 1599 pernicies
246 1540 272 1582 et
283 1540 419 1595 tempestas
431 1533 634 1594 barathrumque
646 1531 768 1590 macelli,

110 1623 236 1687 quidquid
250 1621 411 1684 quaesierat,
425 1621 508 1671 ventri
521 1620 635 1669 donabat
647 1633 744 1670 avaro.

109 1713 153 1762 hic
167 1711 211 1760 ubi
223 1710 354 1774 nequitiae
367 1709 513 1758 fautoribus
525 1716 550 1757 et
562 1707 659 1756 timidis
672 1707 710 1756 nil

112 1809 156 1850 aut
169 1799 285 1864 paullum
298 1798 450 1859 abstulerat,
465 1798 566 1860 patinas
579 1795 687 1845 cenabat
700 1797 798 1856 omasi,

60 1898 84 1936 nn
111 1890 168 1938 vilis
181 1895 206 1938 et
218 1888 344 1952 agninae,
359 1887 441 1935 tribus
453 1886 517 1935 ursis
529 1885 598 1948 quod
610 1883 671 1933 satis
684 1891 762 1942 esset3

115 1978 212 2026 seilicet
224 1983 253 2025 ut
266 1982 367 2024 ventres
378 1973 467 2023 lamna
479 1973 605 2023 candente
617 1981 742 2035 nepotum

114 2066 208 2115 diceret
221 2064 332 2113 urendos
344 2070 472 2112 corrector
485 2063 599 2112 Bestius:
621 2061 690 2110 idem

114 2152 240 2215 quidquid
253 2160 308 2200 erat
319 2158 410 2201 nactus
422 2152 532 2214 praedae
545 2150 666 2209 maioris,
680 2148 726 2196 ubi
739 2162 815 2203 omne

114 2246 221 2289 verterat
233 2240 261 2286 in
274 2239 375 2288 furnum
389 2240 554 2300 etcinerem,
575 2239 642 2287 ‘non
654 2235 758 2285 hercule
771 2224 861 2284 miror'

61 2339 87 2376 sc
115 2328 201 2376 aiebat
212 2326 248 2375 ‘si
261 2326 305 2389 qui
319 2328 457 2377 comedunt
470 2326 554 2387 bona,
570 2341 629 2375 cum
642 2327 676 2375 sit
689 2325 767 2374 obeso

115 2417 153 2466 nil
167 2415 257 2464 melius
269 2413 362 2476 turdo,
377 2415 414 2464 nil
425 2415 500 2464 volva
512 2414 644 2478 pulchrius
656 2414 745 2478 ampla
753 2405 770 2464 .’

116 2506 240 2555 nimirum
253 2503 297 2553 hic
309 2516 357 2567 ego
370 2517 440 2552 sum.
469 2518 530 2552 nam
542 2511 598 2552 tuta
611 2511 636 2552 et
648 2502 755 2565 parvola
767 2501 862 2564 laudo,

118 2609 177 2643 cum
191 2609 229 2643 res
243 2592 383 2652 deficiunt,
397 2591 458 2640 satis
470 2591 536 2640 inter
548 2591 612 2639 vilia
624 2590 712 2640 fortis:
