1784 3000
328 405 358 482 o.
372 405 508 472 Horum
527 406 646 472 sulcu

218 553 239 645 S
277 553 307 642 l
346 554 372 642 l
410 554 424 641 Ι
461 554 492 643 R
528 552 561 642 l
597 553 628 642 R
667 554 693 643 U
729 555 763 642 ll

347 757 443 798 LIBER
458 755 627 798 SEOUNDUS.

471 918 499 967 1.

114 1079 179 1128 Sunt
192 1079 284 1141 quibus
297 1079 325 1127 in
337 1079 415 1128 satira
428 1079 516 1128 videor
528 1077 606 1126 nimis
619 1092 677 1127 acer
690 1085 716 1127 et
728 1077 797 1127 ultra

113 1168 196 1232 legem
208 1169 313 1217 tendere
327 1181 407 1231 opus3
428 1168 482 1217 sine
494 1167 577 1216 nervis
589 1166 671 1214 altera
684 1166 812 1230 quidquid

112 1257 238 1319 conposui
251 1270 310 1318 pars
323 1269 377 1305 esse
389 1263 463 1318 putat
475 1254 617 1316 similisque
630 1268 746 1304 meorum

112 1344 181 1391 mille
194 1344 333 1393 die'versus
346 1344 437 1392 deduci
450 1357 539 1406 posse.
567 1343 689 1403 Trebati,

73 1438 84 1477 t
113 1432 176 1494 quid
187 1431 282 1480 faciam
292 1431 450 1494 praescribe.
469 1423 625 1494 ‘quiescas’
643 1446 675 1481 ue
682 1431 793 1492 faciam,
807 1433 891 1498 inqui

113 1520 219 1568 omnino
232 1520 335 1568 versus?
352 1512 428 1569 ‘aio.'
453 1535 557 1584 peream
570 1520 653 1581 male,
668 1521 756 1570 sinon

113 1610 239 1670 optimum
253 1617 321 1656 erat:
343 1623 431 1657 verum
443 1623 544 1671 nequeo
557 1609 684 1658 dormire.
711 1602 763 1659 ‘ter
775 1612 846 1662 uncti

111 1705 263 1746 transnanto
277 1696 409 1756 Tiberim,
424 1712 515 1747 somno
529 1698 622 1759 quibus
634 1705 672 1747 est
685 1711 750 1760 opus
763 1699 832 1761 alto,

112 1786 295 1848 inriguumque
309 1799 379 1835 mero
393 1786 439 1834 snb
452 1796 555 1834 noctem
568 1799 660 1848 corpus
672 1785 801 1838 habento.

58 1882 83 1920 10
112 1883 156 1922 aut
165 1874 186 1922 si
199 1882 285 1923 tantus
298 1888 372 1922 amor
384 1873 512 1922 scribendi
525 1881 550 1923 te
563 1875 645 1937 rapit,
661 1874 728 1924 aude

111 1961 227 2012 Caesaris
238 1963 328 2012 invicti
340 1977 381 2012 res
394 1962 493 2022 dicere,
509 1962 590 2011 multa
602 1962 722 2010 laborum

111 2051 227 2113 praemio
238 2051 335 2099 laturus
344 2042 360 2102 .'
385 2050 524 2113 cupidum,
539 2059 612 2114 pater
624 2051 737 2114 optime,
752 2051 818 2102 vires

111 2139 246 2188 deliciunt:
268 2153 351 2200 neque
364 2140 434 2188 euim
447 2140 531 2201 quivis
544 2139 676 2187 horrentia
688 2139 750 2202 pilis

111 2228 215 2289 agmina
227 2241 275 2275 nec
289 2227 370 2276 fracta
383 2228 512 2290 pereuntis
525 2228 630 2290 cuspide
643 2226 733 2277 Gallos

57 2322 83 2359 rs
111 2322 156 2362 aut
168 2313 277 2362 labentis
291 2328 357 2375 equo
371 2314 490 2364 describit
502 2316 606 2364 volnera
618 2316 708 2365 Parthi
720 2356 726 2368 .

109 2396 233 2451 ‘attamen
245 2410 270 2451 et
282 2402 378 2451 iustum
392 2412 494 2466 poteras
507 2413 531 2452 et
543 2406 652 2454 scribere
666 2404 776 2465 fortem,

100 2489 257 2554 Scipiadam
272 2499 301 2542 ut
313 2491 416 2558 sapiens
428 2492 545 2542 Lucilius
553 2485 570 2543 .’
595 2493 665 2542 haud
677 2493 742 2540 mihi
756 2493 819 2542 dero

85 2591 151 2628 cum
164 2597 208 2632 res
221 2583 282 2650 ipsa
297 2584 383 2637 feret:
406 2585 460 2637 nisi
473 2585 570 2634 dextro
581 2582 800 2645 temporeblacc'x
