1770 2984
119 207 152 254 29.
412 196 577 240 eanmuuu

79 372 91 410 u
119 361 217 412 Nereus
229 363 297 414 sata.
322 362 404 413 ‘mala
416 362 488 410 ducis
501 361 543 410 avi
555 359 663 409 domum

120 465 198 513 quam
209 450 293 500 multo
306 457 404 515 repetet
416 448 525 500 Graecia
537 447 634 509 milite,

119 538 253 588 coniurata
265 546 323 588 tuas
336 553 455 603 rumpere
466 537 570 601 nuptias

118 634 143 676 et
155 640 263 690 regnum
275 627 375 676 Priami
388 633 472 675 vetus.

118 765 197 828 eheu,
213 777 323 830 quantus
336 768 423 831 equis,
438 773 548 830 quantus
561 767 633 815 adest
644 763 707 814 viria

66 865 92 904 ιο
120 855 212 905 sudori
239 865 338 919 quanta
350 870 435 905 moves
447 854 539 903 funera
551 853 690 902 Dardanae

120 943 208 1007 genti!
234 944 287 993 iam
300 943 400 1008 galeam
413 943 499 991 Pallas
511 950 536 991 et
548 941 640 1006 aegida

119 1047 257 1095 currusque
269 1039 294 1082 et
305 1030 404 1081 rabiem
416 1038 504 1094 parat.

119 1172 279 1235 nequiquam
291 1172 399 1221 Veneris
411 1171 540 1235 praesidio
554 1169 628 1218 ferox

119 1268 204 1322 pectes
216 1260 354 1309 caesariem
367 1267 491 1324 grataque
502 1257 607 1307 feminis

65 1357 91 1396 15
119 1346 210 1397 inbelli
223 1347 323 1397 eithara
335 1347 452 1396 carmina
464 1347 575 1406 divides,

118 1435 278 1499 nequiquam
291 1435 405 1484 thalamo
418 1434 504 1499 gravis

119 1574 206 1625 hastas
218 1583 244 1624 et
257 1574 350 1625 calami
363 1574 462 1636 spicula
473 1573 563 1623 Cnosii

117 1662 211 1712 vitabis
223 1664 408 1727 strepitumque
421 1668 446 1711 et
458 1661 566 1711 celerem
579 1662 653 1725 sequi

118 1750 242 1800 Aiacem:
257 1759 358 1812 tamen,
378 1750 443 1811 heu,
458 1765 527 1801 serus
540 1750 669 1799 adulteros

65 1850 90 1889 ao
118 1839 196 1888 crinis
209 1839 313 1903 pulvere
325 1839 455 1891 conlines.

117 1995 170 2030 non
181 1980 353 2041 Laertiaden,
368 1981 478 2030 exitium
490 1986 551 2030 tuae

116 2069 203 2131 genti,
218 2083 270 2118 non
283 2067 389 2132 Pylium
401 2067 510 2118 Nestora
521 2066 645 2130 respicis?

117 2164 229 2220 urguent
241 2156 359 2221 inpavidi
371 2163 396 2205 te
409 2154 569 2204 Salaminius

117 2244 230 2306 Teucer,
245 2253 270 2294 te
283 2243 420 2294 Sthenelus
432 2244 516 2292 sciens

64 2396 89 2435 au
118 2400 236 2450 pugnae,
252 2385 305 2435 sive
317 2399 383 2448 opus
395 2393 432 2434 est
444 2384 592 2448 imperitare
604 2383 690 2447 equis,

117 2487 170 2522 non
183 2473 275 2537 auriga
285 2473 372 2538 piger.
400 2472 534 2522 Merionen
547 2485 651 2536 quoque

117 2575 220 2614 nosces.
248 2575 307 2610 ecce
320 2561 384 2610 furit
395 2567 420 2610 te
433 2560 544 2625 reperire
557 2567 634 2610 atrox

117 2649 230 2712 Tydides
242 2648 335 2700 melior
347 2655 435 2713 patre:
