1770 2984
97 134 147 181 19ss
380 110 560 168 sarianum

96 293 117 340 si
132 291 172 340 cui
184 290 251 338 lilius
265 297 316 350 est,
330 296 359 338 ut
372 289 503 338 abortivus
516 289 567 337 fuit
581 288 644 336 olim

97 380 239 444 Sisyphus3
260 379 329 426 hunc
343 393 433 426 varum
447 378 562 426 distortis
576 377 709 439 cruribus,
727 380 811 431 illum

99 468 210 515 balbutit
223 481 342 515 scaurum
355 466 440 529 pravis
453 464 548 513 fultum
561 465 629 514 male
641 466 715 516 talis.

99 557 200 619 parcius
214 555 256 603 hic
269 555 346 603 vivit:
366 553 435 617 frugi
448 553 562 603 dicatur.
588 554 692 616 ineptus

51 654 71 692 lo
99 655 123 694 et
137 645 276 692 iactantior
289 643 331 691 hie
344 642 433 705 paullo
447 649 498 691 est:
520 642 662 691 concinnus
675 645 773 695 amicis

99 733 212 796 postulat
226 742 254 781 ut
266 732 395 780 videatur.
423 738 450 780 at
463 738 499 779 est
511 730 681 780 truculentior
694 740 777 795 atque

100 823 156 886 plus
170 835 252 882 aequo
266 820 345 868 liber:
367 819 477 883 simplex
489 819 614 882 fortisque
626 820 772 871 habeatur.

100 910 198 958 caldior
212 917 263 958 est:
285 907 351 956 acris
364 908 430 956 inter
441 917 602 957 numeretur.
629 908 739 970 opinor,

101 1000 165 1046 haec
178 1012 218 1046 res
232 1006 256 1045 et
269 995 365 1057 iungit,
380 995 482 1043 iunctos
495 1002 519 1043 et
532 1003 614 1045 servat
626 996 738 1047 amieos.

48 1094 75 1134 55
104 1097 130 1136 at
143 1101 188 1135 nos
202 1087 307 1134 virtutes
321 1084 390 1147 ipsas
402 1084 553 1133 invertimus
565 1092 642 1146 atque

100 1177 228 1224 sincerum
242 1172 359 1236 cupimus
371 1187 415 1220 vas
427 1172 580 1224 incrustare.
607 1173 704 1236 probus
717 1177 780 1237 quis

100 1265 237 1312 nobiscum
250 1261 326 1320 vivit,
342 1260 453 1309 multum
467 1261 591 1308 demissus
603 1259 700 1309 homo:
721 1263 765 1312 illi

101 1352 174 1401 tardo
188 1363 346 1414 cognomen,
361 1349 453 1412 pingui
467 1349 571 1398 damus.
593 1349 637 1398 hie
650 1349 718 1413 fugit
732 1354 825 1403 omnis

102 1440 209 1487 insidias
222 1437 337 1500 nullique
350 1438 420 1485 malo
433 1439 500 1486 latus
514 1436 587 1486 obdit
599 1445 734 1501 apertum:

104 1542 163 1574 cum
175 1541 255 1590 genus
269 1527 318 1575 hoc
331 1527 398 1575 inter
411 1526 479 1575 vitae
492 1540 631 1586 versemur,
646 1526 691 1574 ubi
705 1529 775 1578 aeris

103 1615 201 1664 invidia
215 1625 291 1677 atque
304 1616 390 1679 vigent
403 1614 449 1662 ubi
462 1614 583 1673 crimina,
599 1628 644 1677 pro
658 1614 723 1663 bene
737 1631 804 1666 sano

104 1720 133 1752 ac
147 1719 200 1752 non
213 1705 317 1752 incauto
331 1704 417 1752 fictum
431 1712 595 1764 astutumque
608 1717 742 1754 vocamus.

104 1793 245 1856 simplicior
259 1793 315 1854 quis
328 1801 352 1841 et
365 1802 401 1840 est
415 1791 517 1854 qualem
530 1805 571 1839 mc
585 1805 661 1854 saepe
673 1790 786 1842 libenter

105 1882 242 1929 obtulerim
255 1880 316 1941 tibi,
331 1880 482 1941 Maecenas,
497 1887 527 1928 ut
540 1879 606 1929 forte
619 1879 748 1944 legentem

107 1979 151 2018 aut
166 1971 273 2018 tacitum
284 1968 391 2030 inpellat
404 1969 494 2030 quovis
508 1982 639 2017 sermone:
660 1968 812 2032 ‘molestus,

107 2058 237 2105 communi
250 2071 324 2104 seusu
339 2056 415 2119 plane
429 2047 509 2105 caret'
523 2057 664 2119 inquimus.
694 2057 761 2106 eheu

107 2159 185 2205 quam
200 2154 294 2193 temere
307 2144 335 2192 in
347 2153 447 2194 nosmet
459 2145 542 2209 legem
555 2146 684 2194 sancimus
696 2145 835 2208 iniquam!

107 2246 168 2279 nem
181 2233 249 2280 vitiis
262 2246 338 2280 uerno
352 2233 407 2281 sine
420 2234 547 2282 nascitur:
570 2234 682 2297 optimus
695 2233 776 2295 illest,

108 2320 151 2381 qui
165 2319 279 2367 minimis
291 2330 426 2382 urguetur,
455 2322 552 2370 amicus
563 2322 656 2382 dulcis,
671 2329 700 2370 ut
707 2336 834 2384 aequums

55 2415 80 2454 'to
108 2423 167 2456 eum
180 2422 238 2455 mea
252 2417 390 2470 conpenset
403 2410 470 2457 vitiis
483 2410 564 2471 bona,
579 2410 694 2472 pluribus
707 2410 793 2472 hisce,

108 2496 127 2544 si
142 2497 220 2543 modo
234 2495 308 2559 plura
321 2496 386 2543 mihi
399 2497 468 2545 bona
481 2507 552 2559 sunt,
567 2498 687 2559 inclinet,
703 2500 788 2546 amari

104 2586 126 2633 si
142 2584 223 2635 uolet:
246 2585 295 2634 hac
307 2585 363 2650 lege
377 2585 403 2632 in
417 2585 514 2635 trutina
527 2595 637 2650 ponetur
651 2587 754 2636 cadem.
