1770 2984
356 176 498 219 Ponrms.

55 339 159 401 publica
172 340 278 402 privatis
291 354 436 402 secernere,
452 356 524 390 sacra
537 340 667 404 profanis,

55 428 195 476 concubitu
208 429 344 491 prohibere
356 444 438 493 vago,
455 430 514 478 dare
528 431 585 478 iura
599 429 713 487 maritis,

55 517 151 579 oppida
164 517 266 578 moliri,
282 518 350 580 leges
362 519 476 567 incidere
488 519 574 580 ligno.

10 611 40 647 :oo
55 605 91 653 sie
104 604 188 654 honor
200 614 225 654 et
237 621 331 655 nomen
345 607 437 656 divinis
450 607 552 655 vatibus
564 613 641 667 atque

55 693 213 743 carminibus
225 695 310 746 venit.
336 703 395 758 post
406 695 455 744 hos
467 694 574 758 insignis
586 693 713 743 Homerus

55 782 233 846 Tyrtaeusque
248 783 326 832 maris
340 784 440 832 animos
452 784 480 832 in
494 783 588 831 Martia
601 782 670 832 bella

55 871 168 920 versibus
181 873 299 931 exacuit3
322 872 406 922 dictae
419 887 465 935 per
478 871 594 920 carmina
608 878 688 920 sortes

56 968 80 1008 et
92 959 161 1007 vitae
174 968 315 1008 monstrata
328 960 370 1009 vie
382 967 421 1009 est
433 946 459 1010 et'
471 960 556 1024 gratia
569 974 659 1021 regum

10 1051 41 1090 205
56 1047 149 1096 Pieriis
162 1055 289 1109 temptata
302 1049 386 1097 modis
397 1049 523 1111 ludusque
536 1056 650 1110 repertus

55 1143 80 1183 et
92 1135 230 1199 longorum
243 1150 351 1198 operum
364 1137 436 1185 finis:
457 1152 489 1186 ne
503 1137 569 1185 forte
583 1136 676 1199 pudori

54 1224 86 1272 sit
99 1223 147 1272 tibi
160 1239 234 1273 musa
246 1224 302 1286 lyra
315 1225 403 1274 sollers
416 1235 441 1274 et
454 1233 544 1275 cantor
556 1225 667 1288 Apollo.

54 1320 149 1362 natura
161 1312 233 1362 fieret
244 1313 377 1363 landabile
390 1329 493 1363 carmen
507 1329 540 1362 an
554 1320 621 1372 arte,

55 1402 200 1462 quaesitum
213 1409 264 1452 est.
291 1417 338 1467 ego
352 1417 399 1452 nec
412 1403 526 1452 studium
541 1402 596 1450 sine
610 1401 687 1449 divite
700 1415 781 1458 vena,

10 1495 41 1533 tro
55 1505 102 1540 nec
116 1491 178 1539 rude
191 1491 254 1553 quid
266 1492 345 1553 possit
358 1492 433 1540 video
446 1491 591 1554 ingenium:
615 1489 719 1538 alterius
731 1489 767 1537 sic

57 1579 139 1629 altera
151 1580 233 1647 poscit
246 1594 322 1641 opem
334 1595 373 1628 res
387 1586 411 1628 et
425 1580 543 1628 coniurat
560 1579 657 1628 amice.

57 1668 101 1730 qui
115 1667 199 1716 studet
212 1675 329 1729 optatam
342 1682 417 1715 cursu
431 1668 579 1730 contingere
592 1674 704 1725 metam,

56 1756 139 1804 multa
152 1755 211 1804 tulit
224 1755 334 1816 fecitque
347 1769 425 1817 puer,
440 1755 541 1804 sudavit
553 1763 578 1803 et
591 1754 662 1812 alsit,

57 1845 181 1894 abstinuit
193 1843 293 1893 Venere
307 1852 331 1892 et
344 1845 419 1903 vino3
441 1844 485 1906 qui
498 1843 595 1908 Pythia
608 1850 695 1896 cantat

10 1938 43 1977 nt
57 1934 170 1993 tibicen,
185 1932 276 1980 didicit
288 1933 359 1996 prius
372 1933 543 1994 extimuitque
556 1930 723 1994 magistrum.

57 2037 105 2071 nec
118 2023 178 2070 satis
191 2030 228 2070 est
236 2021 334 2077 ¹dixisse
346 2021 407 2084 ‘ego
420 2022 487 2070 mira
499 2027 620 2083 poemata
633 2033 733 2081 pango:

59 2117 168 2172 occupet
180 2117 324 2158 extremum
337 2111 449 2159 scabies:
471 2110 536 2158 mihi
549 2116 622 2171 turpe
635 2108 745 2168 relinqui

59 2207 84 2248 et
97 2198 167 2260 quod
179 2211 232 2245 non
244 2197 324 2246 didici
336 2213 397 2246 sane
408 2198 505 2247 nescire
519 2197 595 2245 fateri
604 2195 620 2244 .¹

58 2294 88 2335 ut
101 2299 208 2349 praeco,
224 2286 257 2334 ad
270 2287 361 2334 mercis
373 2286 475 2334 turbam
488 2287 532 2348 qui
545 2285 616 2347 cogit
629 2285 761 2344 emendae,

10 2381 43 2419 rto
59 2375 235 2423 adsentatores
246 2374 317 2424 iubet
329 2376 362 2423 ad
374 2376 475 2423 lucrum
488 2375 525 2423 ire
538 2382 615 2437 poeta

59 2463 129 2511 dives
141 2463 222 2526 agris,
239 2463 307 2511 dives
319 2463 408 2526 positis
420 2464 447 2512 in
461 2463 551 2512 fenore
563 2463 690 2511 nummis.

60 2552 81 2600 si
94 2565 153 2600 vero
167 2559 217 2612 est,
231 2559 338 2601 unctum
351 2551 395 2613 qui
409 2559 475 2600 recte
488 2565 583 2614 ponere
596 2551 676 2613 possit

60 2648 86 2690 et
97 2639 223 2704 spondere
237 2639 285 2689 levi
298 2653 344 2703 pro
358 2654 469 2703 paupere
483 2648 509 2690 et
521 2640 620 2703 eripere
632 2639 696 2686 artis
