1770 2984
348 199 441 240 meua
452 198 499 239 111.

63 364 95 427 lui
109 372 203 413 terram
215 361 337 422 inertem,
370 361 397 410 ui
411 376 481 410 mare
494 366 619 423 temperat

65 460 197 510 emmaum,
214 458 238 500 et
249 450 352 498 umbras
365 465 494 514 regnaque
506 449 588 499 tristia

65 540 174 602 ,ivosque
187 538 352 601 mortalisque
364 539 454 589 turbas

65 629 160 691 mperio
174 628 239 692 regit
251 643 317 676 unus
329 642 426 692 aequo.

66 783 174 831 ragnum
186 769 232 818 illa
244 776 368 818 terrorem
379 769 502 818 intulerat
512 768 570 818 Iovi

67 857 133 907 ,dens
146 858 263 907 iuventus
275 858 381 907 horrida
394 856 521 907 bracchiis

68 954 193 1009 :utresque
205 945 336 996 tendentes
349 961 431 1009 opaoo

68 1034 144 1085 'elion
157 1035 300 1100 inposuisse
313 1033 439 1100 Olympo:

70 1177 94 1224 ul
107 1175 170 1239 quid
183 1175 322 1240 Typhoeus
335 1183 360 1226 et
371 1175 472 1225 validus
485 1174 591 1234 Mimas,

70 1272 99 1313 ut
111 1264 174 1327 quid
187 1264 283 1313 minaei
295 1263 459 1328 Porphyrion
471 1270 553 1322 statu,

71 1353 114 1401 uid
126 1352 242 1402 Rhoetus
254 1351 395 1415 evolsisque
407 1351 503 1401 truncis

72 1440 196 1492 moeladus
208 1441 333 1490 iaculator
346 1440 433 1490 audax

73 1590 144 1631 tntra
156 1589 290 1632 sonantem
302 1582 416 1632 Palladis
429 1582 521 1646 aegida

74 1677 156 1720 ossent
169 1670 288 1719 ruentes?
312 1671 373 1720 hiuo
385 1672 474 1720 avidus
486 1669 556 1719 stetit

75 1759 199 1820 'olcanus‚
214 1758 276 1808 hino
288 1768 408 1809 matrona
419 1761 486 1808 Iuno
499 1765 526 1807 et

76 1862 194 1910 umquam
208 1847 302 1897 umeris
314 1848 442 1911 positurus
453 1861 557 1907 areum,

77 1989 98 2036 ri
111 2002 168 2038 rore
181 2003 247 2052 puro
262 1987 389 2038 Castaliae
401 1988 464 2036 lavit

77 2076 130 2126 *inis
143 2076 253 2137 solutos,
270 2076 314 2138 qui
326 2076 423 2139 Lyciae
436 2083 506 2126 tenet

78 2171 158 2214 rmeta
169 2165 335 2226 natalemque
347 2165 451 2226 silvam,

79 2252 143 2302 elius
155 2259 180 2302 et
192 2253 315 2302 Patareus
328 2252 436 2316 Apollo.

81 2408 92 2442 s
106 2393 197 2442 consili
210 2407 301 2457 expers
313 2394 381 2444 mole
394 2395 445 2444 ruit
457 2409 519 2444 sua:

79 2496 105 2530 m
118 2488 287 2545 temperatam
299 2483 326 2530 dl
339 2497 441 2546 quoque
453 2481 599 2548 provehunt

93 2570 192 2630 maius3
208 2570 277 2620 idem
291 2570 365 2622 odere
377 2573 437 2622 viris

81 2673 129 2708 une
142 2658 215 2709 nefas
228 2660 315 2709 animo
328 2662 467 2713 moventis.
