1770 2984
119 182 153 230 20
410 175 577 217 craurruu

82 347 94 387 t
121 347 177 389 tum
190 354 237 388 nee
251 353 323 386 mens
335 338 401 387 mihi
413 352 462 387 nec
475 337 546 386 color

121 435 191 477 certa
203 427 261 476 sede
280 434 381 487 manet,
396 440 472 474 umor
485 427 549 475 etin
563 440 641 488 genas

122 515 212 565 furtim
226 514 336 572 labitur,
351 529 461 578 arguens

122 618 200 666 quam
212 603 286 653 lentis
299 603 402 666 penitus
415 615 528 652 macerer
540 601 656 666 ignibus.
677 627 679 630 ·

121 757 195 804 uror,
210 759 255 793 seu
267 744 315 793 tibi
328 743 451 793 candidos

68 842 93 880 ιο
120 839 257 896 turparunt
269 846 372 880 umeros
384 831 531 881 inmodicae
544 844 615 879 mero

121 920 209 981 rixae,
223 921 275 969 sive
287 935 352 984 puer
365 920 451 969 furens

121 1008 242 1072 inpressit
254 1022 395 1057 memorem
408 1008 483 1056 dente
496 1007 575 1056 labris
587 1015 691 1056 notem.

122 1163 191 1211 non,
206 1149 228 1197 si
240 1163 281 1198 me
294 1149 356 1198 satis
367 1149 473 1207 audiat,

123 1250 208 1300 speres
220 1244 372 1300 perpetuum
384 1236 470 1286 dulcia
483 1234 591 1284 barbare

73 1335 98 1372 15
127 1323 272 1374 laedentem
285 1325 374 1374 oscula
387 1340 453 1387 quae
466 1325 554 1374 Venus

126 1412 217 1474 quinta
229 1421 302 1476 parte
315 1413 354 1461 sui
368 1413 479 1462 nectaris
491 1413 598 1465 imbuit.

126 1550 214 1602 feliees
227 1559 266 1602 ter
278 1563 303 1603 et
316 1554 428 1616 amplius

127 1655 192 1702 quos
203 1641 308 1705 inrupta
321 1649 390 1691 tenet
402 1641 498 1704 copula
510 1656 557 1691 nee
570 1643 647 1691 malis

127 1728 241 1778 divolsus
254 1730 421 1792 querimoniis

74 1828 100 1867 πο
128 1831 250 1881 suprema
262 1817 338 1867 citius
350 1818 432 1868 solvet
445 1833 517 1868 amor
530 1820 585 1868 die.

460 2206 549 2259 XIIII.

129 2361 151 2412 0
164 2365 252 2424 navis,
267 2364 378 2415 referent
389 2365 417 2414 in
430 2381 501 2416 mare
514 2373 538 2415 te
551 2366 611 2415 novi

129 2451 239 2502 fluctus?
265 2468 280 2502 ο
294 2454 356 2516 quid
369 2453 443 2517 agis?
467 2454 569 2504 fortiter
582 2468 681 2517 oeeupa

129 2547 246 2604 portum.
272 2554 359 2590 nonne
371 2542 441 2591 vides
454 2550 482 2592 ut

127 2629 228 2677 nudum
241 2629 350 2693 remigio
362 2629 429 2679 latus
