1770 2984
371 188 463 228 LIBER
473 188 496 226 1.

15 357 35 396 {5
65 350 223 399 adversarius
237 357 261 398 et
273 344 338 411 ‘quo
352 356 380 398 tu
393 342 570 412 turpissimef'
584 367 678 416 magua

10 471 12 495 z
62 439 186 486 inclamat
199 452 276 498 voce,
291 444 316 486 et
327 436 401 487 ‘licet
413 439 566 489 antestari?³
579 454 625 506 ego
639 455 699 489 vero

10 556 14 591 1
63 541 166 588 oppono
181 527 340 575 auriculam.
362 527 430 590 rapit
442 527 470 575 in
481 527 536 575 ius:
552 528 650 577 clamor
662 531 805 592 utrimque,

62 614 176 676 undique
190 629 339 663 concursus.
367 616 403 664 sic
416 629 457 664 me
468 617 576 664 servavit
587 616 699 680 Apollo.

417 950 452 1003 X.

63 1145 159 1208 [Lucili
170 1181 175 1206 ‚
191 1160 270 1207 quam
282 1146 315 1194 sis
328 1146 477 1206 mendosus,
492 1152 555 1194 teste
568 1144 667 1195 Catone

61 1233 194 1282 defensore
208 1240 253 1282 tuo
266 1233 429 1296 pervincum,
445 1234 489 1296 qui
502 1233 569 1283 male
581 1233 663 1282 factos

63 1321 199 1370 emendare
213 1328 288 1383 parat
299 1335 399 1381 versus,
415 1321 466 1370 hoc
478 1321 560 1371 lenius
572 1321 616 1370 ille

63 1424 114 1471 quo
128 1408 219 1458 melior
231 1410 270 1457 vir
283 1417 307 1458 et
319 1417 358 1459 est
369 1409 446 1475 louge
459 1410 579 1459 subtilior
590 1409 637 1459 illo

63 1498 108 1560 qui
121 1496 231 1545 multum
244 1512 308 1560 puer
319 1505 344 1547 et
356 1498 418 1547 loris
431 1505 456 1548 et
468 1498 575 1548 funibus
586 1500 644 1547 udis

62 1585 229 1647 exhortatus,
244 1594 272 1634 ut
284 1593 349 1636 esset
362 1601 436 1650 opem
450 1588 494 1649 qui
506 1587 574 1636 ferre
585 1589 668 1650 poetis

61 1674 174 1736 antiquis
186 1680 274 1736 posset
287 1681 375 1722 contra
387 1673 492 1724 fastidia
503 1682 606 1735 nostra,

61 1762 289 1826 grammaticorum
302 1762 419 1823 equitum
431 1762 607 1814 doctissimus,
632 1771 661 1812 ut
672 1764 775 1812 redeam

415 1849 505 1912 illuc‚]

61 1937 162 2001 Nempe
175 1939 338 2001 inconposito
352 1937 406 1986 dixi
420 1938 485 2001 pede
498 1951 598 1987 currere
611 1953 694 1988 versus

61 2026 162 2076 Lucili.
191 2028 247 2090 quis
259 2033 314 2075 tam
325 2025 410 2075 Lucili
422 2026 509 2074 fautor
522 2027 631 2089 ineptest

62 2123 91 2162 ut
103 2128 156 2163 non
168 2115 219 2164 hoo
232 2115 361 2165 fateatur?
385 2122 412 2164 at
424 2113 509 2175 idem,
524 2114 594 2176 quod
607 2115 661 2163 sale
674 2116 755 2165 multo

62 2202 153 2250 urbem
166 2203 300 2263 defricuit,
316 2203 406 2253 charta
418 2202 539 2251 laudatur
552 2203 655 2255 eadem.

63 2303 112 2338 nec
125 2296 210 2340 tamen
224 2291 274 2340 hoc
286 2292 400 2341 tribuens
414 2291 528 2340 dederim
541 2305 644 2355 quoque
657 2301 754 2343 cetera:

401 2380 511 2429 namsia

64 2475 89 2515 et
101 2466 195 2517 Laberi
208 2467 301 2516 mimos
313 2475 342 2517 ut
354 2468 465 2532 pulchra
477 2477 597 2532 poemata
610 2471 697 2520 mirer.

64 2568 125 2618 ergo
138 2556 263 2606 nonsatis
276 2566 313 2606 est
325 2557 379 2605 risu
390 2556 511 2606 diducere
524 2558 617 2608 rictum

65 2643 204 2693 auditoris:
220 2653 245 2695 et
258 2654 294 2696 est
306 2646 434 2708 quaedam
447 2654 532 2696 tamen
545 2646 588 2695 hic
602 2661 704 2710 quoque
716 2649 808 2697 virtus:
