1770 2984
374 193 468 234 ursan
482 194 504 233 1.
758 197 809 244 ‘297

61 371 148 405 verum
161 356 204 405 ubi
220 358 281 420 quid
294 358 387 407 melius
401 356 528 418 contingit
540 363 565 404 et
577 355 695 414 unctius,
710 355 779 403 idem

10 452 34 492 to
61 459 106 493 vos
119 460 207 509 sapere
219 454 243 495 et
256 446 323 495 solos
337 446 378 494 aio
391 446 456 495 bene
469 445 569 505 vivere,
585 458 696 506 quorum

62 534 218 597 conspicitur
229 534 318 583 nitidis
332 534 439 583 fundata
452 533 564 597 pecunia
575 533 653 581 villis.

394 852 460 902 XVI
469 892 475 904 .

61 1045 100 1094 Ne
112 1034 272 1108 perconteris¹
282 1045 378 1095 fundus
391 1061 477 1106 meus,
490 1047 587 1110 optime
601 1045 707 1107 Quinti,

62 1148 124 1183 arvo
137 1143 226 1198 paseat
238 1149 312 1184 erum
325 1151 359 1184 an
371 1135 441 1185 bacis
454 1135 585 1199 opulentet
598 1135 697 1195 olivae,

61 1224 179 1287 pomisne
193 1239 226 1273 au
239 1225 320 1288 pratis
332 1239 365 1273 an
378 1224 474 1273 amicta
486 1222 581 1273 vitibus
594 1224 680 1280 ulmo,

61 1311 189 1361 scribetur
201 1311 250 1362 tibi
262 1313 348 1362 forma
360 1312 504 1375 loquaciter
515 1320 541 1362 et
552 1313 614 1362 situs
627 1312 695 1374 agri.

62 1401 180 1450 continui
194 1410 309 1461 montes,
324 1403 352 1451 ni
365 1400 534 1450 dissocientur
547 1414 629 1464 opaca

61 1489 144 1551 valle,
159 1490 202 1539 sed
214 1498 243 1539 ut
256 1489 359 1540 veniens
371 1490 491 1540 dextrum
503 1489 570 1539 latus
584 1490 692 1552 aspiciat
704 1490 743 1538 sol
755 1526 760 1547 ‚

62 1579 166 1629 laevum
178 1578 302 1627 decedens
314 1593 389 1627 curru
403 1577 518 1642 fugiente
529 1587 652 1640 vaporet.

62 1666 214 1730 temperiem
226 1665 325 1716 laudes.
354 1667 433 1728 quid,
448 1666 470 1714 si
481 1666 625 1715 rubicunda
638 1666 764 1727 benignae

63 1770 145 1805 corna
157 1769 246 1817 vepres
257 1762 282 1803 et
293 1769 376 1818 pruna
388 1754 491 1804 ferant?
509 1755 531 1804 si
544 1769 652 1817 quercus
665 1762 689 1803 et
701 1754 753 1802 ilex

63 1843 145 1893 multa
158 1841 232 1907 fruge
243 1857 335 1905 pecus,
349 1843 432 1892 multa
444 1843 579 1892 dominum
592 1843 661 1890 iuvet
674 1841 784 1890 umbra?

64 1933 135 1982 dieas
146 1931 286 1980 adductum
298 1931 406 1995 propius
418 1931 537 1981 frondere
550 1931 704 1980 Tarentum.

63 2021 122 2070 fons
135 2021 214 2069 etiam
225 2019 280 2067 rivo
293 2019 354 2068 dare
369 2033 466 2069 nomen
478 2020 600 2078 idoneus,
616 2026 645 2067 ut
657 2032 704 2066 nec

63 2100 184 2173 frigidior
196 2107 327 2156 Thracam
338 2121 387 2157 nec
399 2108 490 2171 purior
503 2106 600 2156 ambiat
613 2105 725 2165 Hebrus,

63 2196 166 2246 infirmo
180 2195 260 2259 capiti
268 2195 325 2244 fluit
336 2195 422 2258 utilis,
436 2196 508 2245 utilis
520 2195 591 2244 alvo.

64 2284 113 2334 hae
125 2284 239 2334 latebrae
252 2283 339 2334 dulces
352 2292 392 2345 et,
406 2285 461 2333 iam
472 2285 494 2333 si
506 2284 602 2342 credis,
617 2298 742 2333 amoenae

14 2369 17 2375 '
63 2371 221 2422 incolumem
233 2371 281 2421 tibi
294 2386 335 2421 me
347 2380 479 2434 praestant
491 2371 676 2435 septembribus
689 2373 772 2423 horis.

64 2467 93 2510 tu
104 2468 173 2510 recte
185 2460 249 2509 vivis
260 2461 282 2510 si
294 2475 369 2508 curas
381 2475 433 2510 esse
446 2461 515 2523 quod
528 2461 614 2509 audis.

62 2549 191 2598 iactamus
204 2549 257 2596 iam
269 2548 370 2611 pridem
383 2548 467 2597 omnis
479 2556 503 2597 te
516 2549 601 2597 Roma
613 2549 732 2597 beatum:

64 2637 109 2687 sed
120 2651 209 2687 vereor
221 2651 253 2685 ue
266 2635 308 2684 cui
321 2636 353 2684 de
365 2643 390 2684 te
403 2636 460 2698 plus
473 2651 551 2698 quam
563 2636 611 2685 tibi
624 2635 728 2692 credas,
