1770 2984
370 325 468 367 malim
481 328 504 366 Ι.
757 332 808 381 207

10 498 31 536 lo
61 490 182 552 proxima
196 487 332 552 Campano
345 489 417 554 ponti
431 503 499 552 qnae
511 489 615 550 villula,
630 497 727 539 tectum

61 579 194 641 praebuit,
209 587 234 628 et
246 578 354 642 parochi
367 585 433 641 quae
446 577 539 628 debent
551 579 624 642 ligna
636 580 782 641 salemque.

61 668 125 714 hino
136 668 200 715 muli
214 666 320 730 Capuae
333 667 440 716 clitellas
452 675 567 730 tempore
580 676 696 731 ponunt.

61 757 145 803 lusum
158 756 178 804 it
190 756 343 815 Maecenas,
359 756 499 805 dormitum
512 770 560 819 ego
574 755 770 818 Vergiliusque:

61 857 173 905 namque
186 844 241 906 pila
253 844 330 906 lippis
341 843 477 893 inimicum
490 850 515 893 et
527 844 614 892 ludere
627 845 727 894 crudis.

10 945 16 954 ’
63 932 124 981 hinc
137 947 184 979 nos
198 931 301 981 Cocceii
313 931 404 994 recipit
417 931 564 993 plenissima
576 932 652 991 villa,

63 1035 128 1082 quae
141 1036 218 1083 super
231 1028 267 1069 est
280 1018 364 1069 Caudi
377 1034 523 1083 cauponas.
548 1034 617 1068 nunc
630 1021 695 1069 mihi
707 1023 797 1085 paucis

63 1109 190 1158 Sarmenti
202 1124 304 1159 scurrae
316 1124 429 1174 pugnam
442 1108 570 1170 Messique
583 1107 693 1169 Cicirri,
824 1090 826 1093 V

63 1214 151 1259 musa,
165 1194 241 1247 velim
253 1213 380 1247 memores
393 1206 419 1246 et
431 1212 483 1259 qno
496 1204 568 1259 patre
580 1204 656 1246 natus
668 1206 775 1261 uterque

63 1287 200 1336 contulerit
213 1288 280 1338 litis.
306 1287 384 1335 Messi
397 1286 495 1334 clarum
507 1300 586 1349 genus
599 1283 675 1345 Osci,

10 1386 16 1396 '
63 1374 191 1425 Sarmenti
204 1377 310 1423 domina
322 1382 421 1424 exstat:
443 1374 475 1421 ab
488 1373 528 1421 his
539 1373 682 1422 maioribus
696 1376 745 1424 orti

63 1466 95 1512 ad
108 1480 221 1528 pugnam
234 1477 339 1512 venere.
364 1463 436 1526 prior
449 1461 597 1511 Sarmentus
610 1456 683 1524 ‘equi
698 1475 722 1512 te

63 1568 115 1601 esse
128 1553 176 1601 feri
190 1552 299 1601 similem
313 1541 396 1600 dico.'
421 1551 547 1607 ridemuS,
566 1551 657 1613 etipse

63 1642 170 1691 Messius
182 1631 319 1704 ‘accipio’,
333 1646 448 1703 caputet
461 1649 560 1690 movet.
588 1639 617 1686 ‘o
630 1646 674 1688 tna
688 1655 768 1689 comu

62 1730 90 1778 ni
104 1730 169 1778 foret
182 1737 284 1778 exsecto
298 1729 385 1779 frons'
396 1729 497 1791 inquit,
511 1727 586 1789 ‘quid
600 1728 711 1787 faceres,
727 1744 786 1777 cum

10 1826 35 1864 co
64 1819 100 1866 sic
113 1818 218 1866 mutilus
231 1809 387 1867 miniteris?'
406 1816 482 1865 atilli
495 1816 573 1865 foeda
585 1817 694 1865 cicatrix

63 1915 188 1955 saetosam
202 1906 268 1954 laevi
281 1905 392 1955 frontem
405 1911 552 1968 turpaverat
564 1905 631 1955 oris.

65 1993 228 2058 Campanum
242 1995 268 2043 in
281 1993 416 2053 morbum,
431 1993 459 2042 in
472 1992 567 2041 faciem
579 1990 707 2054 permulta
720 1992 835 2053 iocatus,

64 2092 191 2145 pastorem
204 2084 306 2133 saltaret
319 2083 358 2131 uti
371 2080 487 2144 Cyclopa
499 2079 623 2144 rogabat;

64 2172 102 2219 nil
114 2172 153 2219 illi
165 2171 237 2219 larva
249 2180 294 2219 aut
306 2171 410 2235 tragicis
423 2185 487 2233 opus
500 2183 553 2218 esse
565 2168 713 2217 cothurnis0

10 2269 36 2308 65
66 2260 147 2308 multa
161 2258 272 2308 Cicirrus
285 2259 410 2308 adhaec.
439 2259 557 2307 donasset
569 2257 655 2304 iamne
668 2263 786 2305 catenam

66 2363 98 2395 ex
111 2357 171 2396 voto
184 2347 307 2408 Laribus,
323 2347 477 2410 quaerebat:
498 2346 582 2394 scriba
595 2345 663 2408 quod
677 2353 754 2404 esset,

65 2436 120 2484 nilo
134 2437 244 2485 deterius
257 2436 377 2485 dominae
390 2436 430 2484 ins
442 2449 510 2484 esse:
531 2433 641 2497 rogabat

66 2525 177 2586 denique
191 2539 236 2572 cur
249 2539 374 2587 umquam
388 2524 507 2588 fugisset,
523 2523 566 2571 cui
578 2523 637 2571 satis
650 2537 703 2571 nna

67 2614 142 2661 farris
155 2613 220 2661 libra
232 2612 315 2672 foret,
331 2611 421 2676 gracili
434 2612 470 2660 sic
482 2618 587 2674 tamque
598 2610 702 2673 pusillo.

13 2711 38 2748 ro
67 2716 169 2765 prorsus
182 2701 294 2750 iucunde
307 2715 398 2750 cenam
410 2700 576 2764 producimus
588 2699 679 2750 illam.

67 2790 195 2839 tendimus
207 2790 268 2838 hinc
280 2796 350 2840 recta
361 2790 550 2849 Beneventum
571 2787 617 2836 nbi
630 2786 731 2836 sedulus
744 2785 835 2848 hospes
