1770 2984
119 204 170 252 308
384 196 603 239 nrrsrnnsrunu

66 369 92 408 15
120 363 189 426 rupit
200 361 326 410 Iarbitam
339 359 488 424 Timagenis
501 359 605 408 aemula
616 359 724 425 lingua,

120 452 181 498 dum
193 449 279 498 studet
291 450 404 498 urbanus
417 448 550 510 tenditque
563 448 673 499 disertus
688 449 791 499 haberi.

120 538 215 601 decipit
228 537 360 600 exemplar
372 537 442 586 vitiis
455 537 597 589 imitabile.
625 538 720 601 quodsi

119 626 243 690 pallerem
257 641 335 686 casu,
351 625 469 674 biberent
481 639 611 689 exsangue
624 627 775 676 cuminum.

122 730 137 762 ο
150 715 308 774 imitatores,
324 728 424 762 serrum
436 727 529 777 pecus,
546 723 574 763 ut
587 713 653 762 mibi
667 730 746 779 saepe

68 810 93 848 ao
122 803 216 863 bilem,
231 817 307 865 saepe
320 803 407 851 iocum
419 802 496 850 vestri
508 816 610 851 movere
623 805 768 854 tumultus!

119 890 202 940 libera
216 905 383 954 pervacuum
395 891 472 953 posui
483 890 591 953 vestigia
603 892 742 955 princeps,

119 994 173 1028 non
186 980 272 1028 aliena
285 993 343 1027 meo
355 979 435 1043 pressi
448 979 527 1042 pede.
554 979 599 1041 qui
612 980 661 1028 sibi
675 980 748 1041 fidit,

120 1068 173 1116 dux
186 1069 252 1132 regit
264 1082 389 1118 examen.
415 1068 506 1115 Parios
519 1081 566 1131 ego
579 1067 678 1129 primns
690 1068 795 1118 iambos

122 1156 221 1215 ostendi
234 1157 328 1216 Latio,
343 1170 464 1204 numeros
478 1156 629 1216 animosque
642 1165 745 1206 secutus

71 1250 96 1289 at
123 1244 293 1306 Archilochi,
307 1259 360 1293 non
373 1259 412 1292 res
425 1252 449 1292 et
461 1243 565 1306 agentia
578 1243 656 1291 verba
670 1244 835 1308 Lycamben.

121 1347 151 1380 ac
164 1347 196 1381 ne
210 1348 250 1381 me
263 1333 334 1382 foliis
347 1333 406 1380 ideo
419 1331 577 1381 brevioribus
592 1347 666 1381 ornes

121 1421 189 1482 quod
203 1420 279 1468 timui
293 1427 392 1469 mutare
404 1419 496 1468 modos
509 1427 534 1467 et
546 1419 669 1468 carminis
683 1430 782 1480 artem,

120 1517 246 1571 temperat
258 1507 410 1556 Archilochi
423 1522 525 1556 musam
537 1507 602 1570 pede
615 1508 731 1558 mascula
745 1509 842 1575 Sapphr

122 1603 247 1661 temperat
259 1596 387 1657 Alcaeus,
401 1597 445 1645 sed
458 1596 533 1646 rebus
546 1604 571 1645 et
583 1596 674 1645 ordine
687 1597 790 1660 dispar,

68 1694 93 1732 eo
121 1701 168 1734 nec
181 1700 297 1734 socerum
310 1685 410 1748 quaerit
423 1699 500 1747 quem
513 1685 627 1734 versibus
640 1685 742 1734 oblinat
755 1687 831 1745 atris,

122 1790 169 1824 nec
181 1789 289 1838 sponsae
301 1773 423 1836 laqueum
436 1773 538 1822 famoso
553 1774 666 1823 carmine
678 1776 773 1824 nectit.

121 1863 190 1912 hunc
203 1877 265 1926 ego,
280 1877 333 1912 non
346 1861 399 1910 alio
413 1862 512 1911 dictum
524 1862 595 1925 prius
607 1875 667 1922 ore,
682 1862 793 1911 Latinus

121 1952 224 2016 volgavi
237 1951 342 2002 fidicen.
371 1951 443 1999 iuvat
455 1951 626 2000 inmemorata
639 1951 763 2000 ferentem

122 2039 239 2103 ingenuis
253 2039 384 2102 oculisque
397 2040 449 2102 legi
462 2040 630 2101 manibusque
643 2040 741 2088 teneri.

69 2135 95 2174 so
123 2127 188 2176 scire
201 2128 279 2189 velia,
295 2143 353 2178 mea
366 2143 411 2177 cur
422 2128 537 2193 ingratus
550 2128 673 2190 opuscula
687 2127 769 2177 lector

122 2213 209 2263 laudet
222 2226 343 2278 ametque
356 2217 443 2277 domi,
458 2222 558 2279 premat
572 2223 643 2264 extra
656 2216 735 2265 limen
750 2218 843 2280 iniqunr

122 2315 175 2350 non
189 2315 236 2365 ego
251 2312 372 2352 ventosae
386 2303 467 2367 plebis
480 2304 603 2367 suffragia
615 2318 693 2353 venor

122 2389 237 2453 inpensis
250 2404 371 2438 cenarum
385 2400 409 2440 et
422 2393 497 2442 tritae
510 2407 617 2442 munere
631 2393 722 2453 vestis,

123 2493 175 2526 non
189 2492 236 2541 ego
250 2477 378 2526 nobilium
390 2480 545 2543 scriptorum
558 2481 661 2530 auditor
674 2491 699 2530 et
712 2483 781 2532 ultor

70 2575 96 2612 lo
124 2566 305 2630 grammaticas
317 2565 414 2614 ambire
428 2567 508 2616 tribus
522 2577 547 2617 et
559 2568 661 2633 pulpita
673 2570 779 2635 dignor.

123 2654 182 2702 hinc
195 2653 254 2703 illae
266 2652 403 2704 lacrimae.
432 2655 528 2719 ‘spissis
540 2657 647 2723 indigna
660 2658 767 2709 theatris
