1770 2984
399 181 493 222 mssa
502 182 528 221 1.

91 345 189 407 inpune
203 351 286 393 tutum
299 358 344 406 per
356 358 447 392 nemus
460 344 565 394 arbutos

92 440 222 497 quaerunt
234 432 338 481 latentis
352 440 377 480 et
389 432 479 496 thyma
492 432 581 481 deviae

91 523 185 572 olentis
197 535 291 570 uxores
302 519 389 568 mariti

91 625 139 660 nec
153 609 240 659 viridis
253 615 373 659 metuunt
385 608 503 657 colubras

92 766 140 801 nec
153 750 282 800 Martialis
294 749 423 798 haediliae
434 748 531 815 lupos,‘

92 848 235 902 utcumque
248 838 331 898 dulci,
345 838 475 902 Tyndari,
490 838 576 888 fistula

92 928 172 977 valles
185 936 210 977 et
221 925 325 976 Usticae
338 925 458 975 cubantis

92 1017 160 1066 levia
172 1029 329 1080 personuere
341 1030 418 1064 saxa.

94 1159 120 1208 di
133 1173 174 1207 me
186 1164 304 1215 tuentur,
319 1156 359 1205 dis
371 1156 453 1219 pietas
466 1171 523 1206 mea

94 1256 119 1297 et
132 1261 206 1295 musa
219 1244 291 1294 cordi
305 1251 354 1295 est.
382 1244 424 1293 hic
437 1245 485 1294 tibi
498 1246 575 1308 copia

60 1342 66 1383 l
94 1334 211 1383 manabit
223 1333 256 1381 ad
269 1333 373 1396 plenum
386 1333 498 1398 benigno

94 1424 161 1472 ruris
174 1423 305 1471 honorum
318 1421 439 1483 opulenta
452 1436 544 1470 cornu.

95 1565 138 1613 hic
151 1564 179 1612 in
191 1564 297 1612 reducta
310 1561 376 1611 valle
389 1563 523 1612 caniculae

95 1652 189 1701 vitabis
202 1661 286 1701 aestus
299 1660 323 1701 et
335 1651 385 1702 fide
398 1653 463 1702 Teia

97 1741 166 1790 dices
178 1741 320 1789 laborantis
333 1741 361 1789 in
373 1755 426 1788 unc

55 1839 68 1878 o
96 1830 245 1892 Penelopen
257 1829 415 1890 vitreamque
428 1826 534 1877 Circen.

96 1970 138 2018 hic
152 1969 297 2019 innocentis
308 1969 403 2032 pocula
415 1968 503 2018 Lesbii

96 2059 173 2107 duces
185 2057 232 2106 sub
245 2056 351 2117 umbra,
366 2071 414 2106 nec
427 2055 567 2105 Semeleius

97 2161 157 2196 cum
170 2146 254 2195 Marte
267 2145 407 2194 confundet
420 2145 561 2207 Thyoneus

97 2234 210 2300 proelia,
225 2249 273 2282 nec
285 2240 384 2283 metues
396 2240 542 2296 protervum

49 2386 71 2426 tu
99 2383 216 2440 suspecta
229 2374 338 2440 Cyrum,
353 2389 386 2424 ne
399 2375 467 2424 male
480 2375 577 2439 dispari

98 2463 284 2514 incontinentis
295 2463 386 2512 iniciat
397 2478 490 2512 manus

51 2552 54 2555 ’
99 2562 125 2603 et
136 2553 235 2602 scindat
248 2552 395 2601 haerentem
408 2565 531 2599 coronam

98 2642 212 2691 crinibus
223 2640 421 2703 inmeritamque
433 2647 542 2688 vestem.

393 2791 562 2799 --.——-
