1770 2984
123 190 174 238 254
406 181 586 224 sumamma

122 349 227 397 adiuvat
240 348 290 396 hoo
303 360 422 409 quoque,
437 345 480 394 sed
493 343 572 392 vincit
584 343 663 407 longe
677 344 755 406 prius
768 346 852 408 ipsum

122 450 269 500 expugnare
283 443 372 499 caput.
400 434 492 483 scribet
506 431 573 480 mala
586 432 707 481 carmina
721 447 831 483 vecors:

68 535 93 574 ts
120 525 238 574 laudato.
267 532 392 573 scortator
405 523 466 572 erit:
481 535 541 570 cave
554 527 579 569 te
592 529 683 584 roget3
699 522 773 572 ultro

121 613 279 675 Penelopam
293 611 378 662 facilis
390 610 485 675 potiori
497 610 568 658 trade
576 607 594 656 .'
618 617 750 673 putasne,

120 701 223 764 perduci
237 702 332 764 poterit
344 709 398 749 tam
410 700 478 764 frugi
491 705 595 761 tamque
607 698 726 761 pudica,

121 805 199 851 quam
211 790 332 852 nequiere
344 788 416 852 proci
429 796 498 838 recto
512 785 637 848 depellere
649 787 751 836 cursu?

120 878 203 926 ‘venit
216 878 285 926 enim
298 890 421 940 magnum
433 875 548 925 donandi
560 890 639 938 parca
651 875 779 927 iuventus

68 975 93 1013 eo
121 981 167 1015 nec
179 973 280 1014 tantum
294 965 401 1014 Veneris
413 972 538 1026 quantum
551 963 667 1012 studiosa
681 965 811 1017 culinae.

121 1055 158 1102 sio
170 1055 217 1103 tibi
229 1053 359 1116 Penelope
371 1052 440 1118 frugi
453 1060 504 1102 est:
520 1065 586 1114 quae
599 1052 621 1100 si
633 1053 717 1101 semel
731 1069 791 1104 uno

122 1144 152 1191 de
165 1157 223 1192 sene
237 1142 346 1206 gustarit
359 1148 443 1190 tecum
455 1141 550 1203 partita
562 1139 704 1202 lucellum,

122 1238 149 1279 ut
162 1232 233 1279 oanis
246 1245 261 1278 a
275 1230 346 1278 corio
358 1244 501 1292 numquam
513 1228 697 1278 absterrebitur
710 1240 815 1286 uncto.

121 1333 162 1366 me
174 1333 232 1366 sene
246 1318 315 1379 quod
328 1319 413 1367 dicam
425 1317 523 1367 factum
535 1323 586 1368 est.
613 1331 679 1366 anus
692 1317 816 1384 inproba
829 1323 852 1374 Τ

68 1416 94 1455 85
122 1421 155 1455 ex
168 1414 319 1455 testamento
332 1407 367 1455 sic
381 1415 417 1456 est
429 1407 509 1455 elata:
526 1406 635 1455 cadaver

120 1503 227 1543 unctum
241 1494 297 1542 oleo
310 1495 383 1557 largo
396 1495 472 1543 nudis
484 1493 579 1544 umeris
592 1493 652 1542 tulit
664 1493 760 1558 heres,

121 1583 218 1632 scilicet
231 1582 298 1631 elabi
311 1584 331 1632 si
344 1591 429 1646 posset
442 1592 558 1642 mortua3
573 1583 665 1641 credo,

122 1673 191 1734 quod
204 1672 313 1721 nimium
326 1673 450 1720 institerat
462 1672 571 1721 viventi.
598 1680 689 1720 cautus
705 1673 799 1735 adito,

121 1776 170 1810 neu
185 1761 250 1810 desis
262 1774 355 1824 operae
368 1775 431 1808 neve
443 1760 618 1809 inmoderatae
632 1760 765 1810 abundes:

121 1850 254 1900 difficilem
268 1858 292 1898 et
305 1862 437 1897 morosum
451 1848 563 1898 offendet
575 1848 710 1912 garrulus;
725 1850 801 1900 ultra

121 1955 174 1988 non
188 1940 265 1988 etiam
278 1937 365 1987 sileas:
388 1936 474 1986 Davus
486 1937 520 1985 sis
534 1936 648 1984 comicus
661 1945 741 1999 atque

121 2037 170 2077 stes
184 2029 269 2090 capite
283 2026 401 2090 obstipo,
416 2025 526 2074 multum
540 2024 630 2073 similis
642 2026 791 2078 metuenti.

122 2115 243 2177 obsequio
257 2128 385 2179 grassare:
401 2129 491 2175 mone,
506 2114 527 2162 si
540 2113 668 2162 increbuit
680 2127 763 2174 aura,

121 2213 210 2269 cautus
223 2204 260 2251 uti
273 2204 339 2252 velet
351 2218 438 2251 carum
452 2210 544 2266 caput3
560 2202 665 2251 extrahe
678 2202 758 2250 turba

71 2354 73 2357 .
122 2291 244 2353 oppositis
257 2291 366 2349 umeris;
383 2306 470 2340 aurem
482 2290 626 2353 substringe
638 2289 761 2351 loquaci.

120 2378 271 2441 inportunus
285 2386 354 2426 amat
367 2379 482 2427 laudari:
498 2379 579 2441 donec
591 2378 655 2426 ‘ohe
666 2377 754 2426 iaml'

120 2467 151 2514 ad
166 2466 264 2515 caelum
278 2465 396 2513 manibus
409 2467 515 2516 sublatis
527 2467 637 2526 dixerit,
652 2481 734 2530 urguo
747 2475 776 2517 et

119 2564 275 2603 crescentem
288 2553 393 2603 tumidis
406 2554 467 2602 infla
480 2555 640 2604 sermonibus
652 2562 751 2604 utrem.

119 2658 176 2692 cum
191 2651 215 2692 te
227 2643 332 2692 servitio
345 2641 423 2707 longo
438 2658 548 2705 curaque
561 2643 652 2693 levarit
