1784 3000
372 189 466 228 1111111
480 188 517 229 11.
764 196 813 244 231

69 349 194 409 mullum,
215 350 242 397 in
261 349 362 413 singula
380 365 457 412 quem
470 353 572 400 minuas
585 352 717 414 pulmenta
730 367 816 401 neees-

441 447 505 488 sest.

14 534 39 573 11
68 525 140 573 ducit
152 534 176 574 tc
189 527 302 588 species,
317 527 408 576 video.
436 543 487 590 quo
501 529 611 592 pertinet
625 542 684 592 ergo

67 627 187 675 proceros
200 614 281 662 odisse
294 614 387 678 lupos?
406 616 467 678 quia
479 616 578 666 scilicet
591 616 643 666 illis

68 701 192 750 maiorem
205 711 298 751 11111111
311 704 419 751 modum
431 705 516 765 dedit,
531 706 570 753 his
583 706 658 754 breve
671 706 786 768 pondus:

66 791 167 840 ieiunus
179 805 239 839 raro
252 791 400 839 stomachus
413 791 529 856 volgaria
540 793 646 843 temnit.

65 872 225 941 ‘porrectum
238 894 332 944 magno
345 894 470 944 magnum
482 888 599 944 spectare
608 881 695 930 catino

12 977 37 1014 to
66 957 170 1023 vellem'
184 969 222 1017 ait
233 968 348 1032 harpyiis
360 968 422 1031 gula
434 969 513 1033 digna
526 969 680 1032 rapacibus.
707 976 733 1018 at
746 984 790 1018 vos

65 1063 226 1119 praesentes,
241 1057 336 1115 austri,
352 1057 454 1119 coquite
467 1057 561 1106 horum
573 1057 696 1107 obsonia.
722 1073 813 1120 quam·

438 1161 517 1208 qnam

64 1241 137 1296 putet
150 1249 212 1296 aper
225 1233 402 1295 rhombusque
414 1248 518 1295 recens,
534 1234 604 1282 mala
617 1235 694 1297 copia
707 1235 811 1296 quando

64 1337 171 1385 aegrum
184 1322 306 1371 sollicitat
317 1323 495 1383 stomachum,
510 1337 570 1371 eum
583 1323 673 1385 rapula
686 1323 777 1386 plenus

63 1419 141 1473 atque
160 1411 247 1460 acidas
266 1411 362 1461 mavolt
374 1412 474 1461 inulas.
499 1412 610 1461 necdum
624 1411 707 1461 omnis
719 1411 811 1460 abacta

10 1507 34 1546 11
63 1501 199 1563 pauperies
213 1500 294 1563 epulis
306 1515 411 1564 regum:
432 1515 494 1549 nam
506 1500 599 1549 vilibus
612 1501 667 1550 ovis

62 1588 196 1651 nigrisque
209 1598 247 1638 est
259 1589 324 1638 oleis
337 1589 414 1638 hodie
427 1589 514 1640 locus.
541 1589 611 1638 hand
624 1589 662 1638 ita
674 1589 774 1652 pridem

63 1676 169 1726 Galloni
182 1678 316 1741 praeconis
329 1684 384 1726 erat
397 1677 544 1740 acipensere
557 1691 645 1726 mensa

62 1765 180 1814 infamis.
206 1764 286 1828 quid?
310 1772 364 1814 tum
377 1763 501 1813 rhombos
513 1765 598 1814 minus
612 1779 726 1827 aequora
739 1764 862 1814 alebant?

61 1861 132 1902 tutus
145 1861 199 1902 erat
212 1853 337 1902 rhombus
350 1859 458 1915 tutoque
470 1853 573 1902 ciconia
585 1853 660 1911 nido,

10 1952 32 1991 30
62 1943 143 1991 donee
156 1957 200 1991 vos
212 1952 302 1991 auctor
314 1941 403 1990 docuit
415 1941 571 2003 praetorius.
599 1953 660 2004 ergo

60 2030 141 2091 siquis
154 2045 223 2078 nunc
236 2043 338 2094 mergos
349 2028 433 2078 suavis
446 2028 555 2077 edixerit
567 2041 653 2087 assos,

62 2118 163 2182 parebit
176 2119 248 2181 pravi
262 2118 353 2167 docilis
364 2117 484 2165 Romana
497 2116 628 2167 inventus.

60 2207 177 2256 sordidus
191 2223 207 2255 a
219 2207 291 2255 tenui
303 2206 373 2255 victu
386 2203 507 2265 1111111111,
522 2204 607 2254 Ofello

60 2295 160 2346 iudice.
188 2310 250 2344 nam
263 2294 358 2344 frustra
370 2293 462 2344 vitium
475 2294 593 2344 vitaveris
606 2294 670 2343 illud

10 2391 32 2429 11
60 2384 81 2432 si
94 2393 119 2433 te
132 2383 184 2431 alio
197 2376 304 2447 pra'vum
317 2383 469 2433 detorseris.
494 2382 652 2444 Avidienus,

61 2473 102 2520 cui
115 2472 186 2521 canis
200 2488 233 2522 ex
243 2486 303 2521 vero
317 2473 422 2522 ductum
435 2486 579 2537 cognomen
592 2472 727 2535 adhaeret,

60 2560 233 2623 quinquennis
246 2562 315 2612 oleas
328 2570 365 2612 est
377 2569 402 2612 ct
414 2562 537 2612 silvestria
549 2576 644 2621 cornaq

54 2649 148 2699 ueniri
160 2659 291 2704 mutatum
304 2653 392 2719 parcit
405 2653 554 2705 defundere
564 2652 680 2707 unum„
691 2652 722 2691 Ἀ
