1770 2984
166 214 205 255 DE
219 214 302 254 Andre
316 213 452 255 Possslcn.
629 219 677 266 331
816 40 825 353 Ι

38 375 129 424 tulere:
145 376 206 438 quid
220 377 285 437 hoc,
300 377 321 424 si
335 376 423 425 fractis
436 382 523 424 enatat
537 390 626 440 exspes

38 481 55 524 r,
71 478 128 514 aere
142 466 202 513 dato
216 466 261 527 qui
273 464 406 529 pingitur?
419 464 545 528 amphora
558 465 644 528 eoepit

40 568 46 600 ι
61 561 178 604 currente
190 562 248 602 rote
261 568 307 602 eur
319 568 409 602 urceus
422 552 493 602 exit?

38 656 42 688 r
54 641 86 690 sit
98 641 214 704 quidvis,
229 641 341 705 simplex
353 641 490 690 dumtaxat
502 649 527 689 et
538 656 631 692 unum.

38 745 47 777 ι
59 744 118 793 pars
130 737 234 791 vatum,
249 736 322 794 pater
334 736 358 779 et
368 729 471 778 iuvenes
483 737 556 792 patre
569 729 656 793 digni,

38 833 75 866 rur
87 819 171 881 speeie
184 819 260 868 recti:
282 818 366 867 brevis
378 830 430 866 esse
442 816 548 876 laboro,

38 922 52 955 s
63 907 113 967 fi03
128 915 270 957 sectantem
283 907 349 956 levis
362 906 433 955 nervi

38 1002 51 1043 t
63 996 210 1058 animique3
225 994 355 1058 professus
366 994 474 1059 grandis
486 1000 583 1057 turget;

38 1083 96 1131 ¹umi
109 1090 179 1132 tutus
191 1083 302 1132 nimium
315 1083 473 1149 timidusque
484 1083 624 1144 procellae;

38 1185 84 1220 ,ere
97 1171 169 1234 eupit
181 1186 235 1219 rem
247 1171 426 1235 prodigialiter
438 1185 531 1232 unum,

37 1274 80 1307 um
92 1260 162 1308 silvie
175 1258 308 1324 repingit,
323 1259 441 1308 fluetibus
454 1273 560 1321 aprum.

38 1361 58 1394 m
71 1347 142 1396 ducit
154 1348 245 1411 eulpae
257 1347 337 1412 fuge,
351 1347 371 1396 si
384 1354 454 1396 earet
466 1355 534 1398 arte.

38 1449 69 1482 rm
82 1436 151 1484 eirea
162 1435 253 1484 ludum
265 1436 339 1485 faber
351 1450 418 1485 unus
431 1444 456 1485 et
468 1436 560 1500 unguis

38 1532 54 1573 rt
66 1530 91 1573 et
104 1523 190 1573 mollis
202 1524 346 1574 imitabitur
358 1540 417 1574 aere
429 1524 553 1588 capillos,

38 1611 117 1675 >peris
129 1626 245 1674 summa,
260 1613 322 1677 quie
334 1627 429 1677 ponere
442 1620 525 1663 totum

61 1701 131 1751 hune
143 1716 190 1766 ego
203 1717 260 1763 me,
275 1703 360 1764 siquid
373 1716 519 1765 conponere
532 1718 632 1763 eurem,

38 1790 75 1854 gis
88 1803 140 1840 esse
152 1790 230 1840 velim
242 1805 320 1853 quam
333 1805 394 1839 naso
407 1791 491 1839 virere
502 1804 597 1852 provo,

38 1879 92 1927 lum
104 1879 183 1943 nigris
196 1879 276 1929 oeulis
288 1879 414 1942 nigroque
428 1878 537 1942 eupillo.

38 1968 164 2017 nuteriam
178 1968 279 2027 restris,
295 1968 341 2030 qui
353 1967 479 2027 scribitis,
495 1981 604 2029 aequam

54 2063 78 2104 et
89 2049 187 2106 versate
200 2056 260 2115 diu,
276 2056 339 2118 quid
351 2054 417 2106 ferre
428 2063 544 2105 recusent
554 2091 560 2115 ,

38 2152 102 2194 eunt
114 2145 207 2196 umeri.
237 2143 279 2192 eui
291 2143 358 2193 lecte
370 2151 488 2207 potenter
500 2143 548 2193 erit
560 2159 615 2205 res,
635 2124 637 2129 Ι

38 2232 109 2281 mdis
121 2234 220 2283 deseret
231 2232 301 2280 hunc
314 2246 361 2281 neo
373 2232 473 2280 lucidus
487 2232 564 2281 ordo.

38 2335 96 2370 roeo
108 2321 188 2370 virtus
200 2320 248 2370 erit
260 2328 284 2370 et
296 2334 390 2380 venus,
406 2326 450 2368 aut
463 2333 510 2385 ego
523 2321 612 2382 fallor,

38 2424 98 2458 runo
112 2410 182 2460 dieat
193 2410 246 2458 iam
258 2424 327 2457 nune
341 2409 462 2459 debentis
474 2410 540 2469 diei,

38 2511 43 2545 s
55 2497 157 2548 differat
168 2503 195 2548 et
207 2513 329 2561 praesens
339 2500 367 2548 in
380 2507 481 2563 tempus
495 2499 612 2547 omittat.

38 2601 45 2635 r
57 2587 136 2637 etium
147 2589 231 2638 tenuis
244 2596 385 2652 cautusque
396 2587 523 2647 serendis,

38 2683 68 2737 rt,
83 2677 133 2727 hoc
146 2685 247 2742 spernat
259 2679 381 2743 promissi
392 2675 517 2727 oriminis
525 2682 638 2722 suntor.
