1784 3000
387 198 480 237 ursan
496 199 531 236 11.
782 204 830 250 241

88 360 151 421 quid
164 358 240 407 refert
253 358 345 407 morbo
359 374 392 408 an
405 358 480 408 furtis
493 369 647 423 pereamque
660 361 789 424 rapinis‘?’
803 389 834 397 -

85 441 216 508 ‘quisnam
229 447 307 510 igitur
319 462 394 496 sanus
402 448 426 495 θ’
439 448 484 510 qui
495 462 548 496 non
558 449 663 498 stultus.
683 449 754 512 ‘quid
767 441 888 499 avarusl’

88 534 179 585 stultus
192 542 217 584 et
229 536 349 584 insanus.
374 536 461 599 ‘qnid‚
476 537 555 599 siquis
567 551 620 586 non
632 538 664 586 sit
677 538 787 586 avarus?

43 633 74 671 ,60
90 624 213 672 continuo
227 616 335 673 sanusl'
348 625 471 673 minime.
497 624 568 685 ‘cur,
583 625 696 674 stoicel'
713 626 814 678 dicum.

87 713 155 760 ‘nou
168 719 204 761 est
216 703 361 762 cardiacus’
374 713 509 763 Craterum
522 713 616 762 dixisse
627 720 717 776 putato

88 801 145 849 ‘hie
158 792 259 863 aeger.'
284 808 351 850 recte
365 808 402 850 est
414 801 493 865 igitur
505 801 661 865 surgetque?
680 801 798 866 negabit,

90 891 160 952 quod
173 890 239 939 latus
252 896 297 939 aut
310 904 382 939 renes
394 889 486 938 morbo
500 896 657 953 temptentur
668 896 755 941 acuto,

89 992 142 1027 non
156 987 193 1027 est
204 978 322 1040 periurus
335 993 420 1040 neque
434 978 564 1026 sordidus:
586 978 696 1028 inmolet
708 980 796 1040 aequis

43 1075 75 1114 ‚65
91 1067 134 1115 hic
147 1082 255 1129 porcum
268 1066 380 1115 laribus:
402 1081 491 1115 verum
503 1065 656 1115 ambitiosus
669 1075 693 1116 et
706 1067 807 1114 audax:

89 1155 194 1219 naviget
206 1155 373 1218 Anticyram.
401 1155 464 1217 quid
476 1154 547 1204 enim
559 1153 645 1203 differt
657 1154 815 1204 barathrone

91 1245 170 1292 dones
183 1243 309 1306 quidquid
322 1242 402 1291 habes
416 1259 450 1291 an
463 1257 607 1305 numquam
620 1250 693 1292 utare
705 1243 820 1307 puratis?

91 1332 193 1382 Servius
207 1330 334 1394 Oppidius
347 1331 442 1381 Canusi
455 1331 507 1380 duo
520 1331 639 1395 praedia,
656 1331 725 1381 dives

92 1422 201 1483 antiquo
215 1435 306 1481 censu,
321 1421 389 1470 natis
401 1421 493 1469 divisse
506 1420 605 1469 dnobus

43 1518 78 1556 ιτο
94 1509 174 1559 fertur
188 1517 213 1557 et
226 1510 276 1557 hoc
289 1509 401 1558 moriens
413 1510 498 1572 pueris
510 1509 605 1558 dixisse
618 1510 716 1558 vocatis

92 1599 124 1647 ad
138 1597 233 1646 lectum
245 1590 398 1659 ‘postquam
410 1605 435 1647 te
448 1597 528 1658 talos,
544 1598 623 1658 Aule,
639 1611 768 1659 nucesque

93 1687 160 1735 ferre
173 1687 231 1734 sinu
243 1685 320 1744 laxo,
335 1684 433 1733 donare
447 1694 471 1734 et
485 1685 572 1734 ludere
585 1686 653 1744 vidi,

93 1784 131 1834 te,
147 1774 252 1832 Tiberi,
267 1787 417 1832 numerare,
433 1773 502 1821 cavis
514 1772 670 1822 abscondere
682 1773 795 1831 tristem,

95 1863 204 1912 extimui
217 1876 249 1910 ne
263 1875 307 1909 vos
320 1868 407 1924 ageret
419 1861 522 1909 vesania
535 1861 646 1922 discors,

43 1959 80 1999 175
95 1960 123 2000 tu
136 1951 345 2009 Nomentanum,
360 1957 389 1997 tu
401 1963 434 1998 ne
447 1963 581 2011 sequerere
593 1947 727 1998 Cicutam.

95 2054 176 2102 quare
190 2053 235 2102 per
249 2039 320 2086 divos
334 2045 420 2087 oratus
432 2043 539 2099 uterque
552 2037 666 2100 penatis,

94 2138 122 2177 tu
136 2142 197 2176 cave
210 2141 242 2175 ne
255 2126 371 2186 minuas,
386 2132 414 2173 tu
427 2140 459 2175 ne
472 2126 555 2175 maius
567 2125 648 2174 facias
661 2124 688 2173 id

95 2218 165 2279 quod
177 2217 238 2265 sutis
252 2229 304 2264 esse
317 2221 391 2276 putat
403 2221 477 2278 pater
490 2221 515 2263 et
527 2221 619 2262 natura
632 2220 743 2263 coercet.

96 2313 228 2369 praeterea
240 2318 273 2351 ne
286 2317 331 2351 vos
344 2302 430 2352 titillet
443 2302 541 2367 gloria,
556 2303 611 2351 iure

43 2402 81 2440 reo
95 2393 204 2442 iurando
218 2392 379 2456 obstringam
392 2389 485 2440 ambo:
506 2399 563 2440 uter
576 2391 667 2440 aedilis
680 2390 788 2438 fueritve

95 2490 205 2530 vestrum
219 2488 337 2544 praetor,
352 2481 375 2528 is
386 2479 543 2530 intestabilis
555 2487 580 2529 et
592 2493 663 2528 sacer
676 2485 743 2528 esto.

95 2572 123 2618 in
136 2571 218 2618 eicere
232 2577 309 2631 atque
322 2568 383 2617 subu
396 2567 465 2617 bona
479 2576 509 2618 tu
521 2568 671 2634 perdasque
676 2565 805 2624 lupinus

89 2660 157 2706 latus
170 2657 236 2706 utin
251 2658 323 2708 circo
336 2659 452 2725 spatiere
467 2668 496 2711 et
507 2672 613 2711 aenens
624 2661 661 2701 ut
670 2659 746 2701 stent

102 2761 231 2803 Horatius.
250 2764 293 2807 ed.
312 2766 377 2808 1111.
767 2740 801 2777 w
