<?xml version="1.0" encoding="UTF-8"?>
<!DOCTYPE html PUBLIC "-//W3C//DTD XHTML 1.0 Transitional//EN"
    "http://www.w3.org/TR/xhtml1/DTD/xhtml1-transitional.dtd">
<html xmlns="http://www.w3.org/1999/xhtml" xml:lang="en" lang="en">
 <head>
  <title>
</title>
<meta http-equiv="Content-Type" content="text/html;charset=utf-8" />
  <meta name='ocr-system' content='tesseract 3.04.00' />
  <meta name='ocr-capabilities' content='ocr_page ocr_carea ocr_par ocr_line ocrx_word'/>
</head>
<body>
  <div class='ocr_page' id='page_1' title='image "./qhoratiflacciop00vahlgoog_0351.png"; bbox 0 0 1784 3000; ppageno 0'>
   <div class='ocr_carea' id='block_1_1' title="bbox 115 181 559 237">
    <p class='ocr_par' dir='ltr' id='par_1_1' title="bbox 115 181 559 237">
     <span class='ocr_line' id='line_1_1' title="bbox 115 181 559 237; baseline -0.041 0"><span class='ocrx_word' id='word_1_1' title='bbox 115 189 166 237; x_wconf 77' lang='grc'>333</span> <span class='ocrx_word' id='word_1_2' title='bbox 422 181 463 222; x_wconf 82' lang='lat' dir='ltr'>mr</span> <span class='ocrx_word' id='word_1_3' title='bbox 478 181 559 221; x_wconf 78' lang='lat' dir='ltr'>narn</span> 
     </span>
    </p>
   </div>
   <div class='ocr_carea' id='block_1_2' title="bbox 55 343 888 2633">
    <p class='ocr_par' dir='ltr' id='par_1_2' title="bbox 55 343 888 2633">
     <span class='ocr_line' id='line_1_2' title="bbox 115 343 741 410; baseline -0.003 -15"><span class='ocrx_word' id='word_1_4' title='bbox 115 347 239 410; x_wconf 83' lang='lat' dir='ltr'>respicere</span> <span class='ocrx_word' id='word_1_5' title='bbox 252 346 387 408; x_wconf 88' lang='lat' dir='ltr'>exemplar</span> <span class='ocrx_word' id='word_1_6' title='bbox 399 347 466 394; x_wconf 87' lang='lat' dir='ltr'>vitae</span> <span class='ocrx_word' id='word_1_7' title='bbox 479 357 632 406; x_wconf 89' lang='lat' dir='ltr'>morumque</span> <span class='ocrx_word' id='word_1_8' title='bbox 644 343 741 393; x_wconf 88' lang='lat' dir='ltr'>iubebo</span> 
     </span>
     <span class='ocr_line' id='line_1_3' title="bbox 114 432 793 485; baseline -0.004 0"><span class='ocrx_word' id='word_1_9' title='bbox 114 437 218 485; x_wconf 91' lang='lat' dir='ltr'>doctum</span> <span class='ocrx_word' id='word_1_10' title='bbox 231 436 388 484; x_wconf 80' lang='lat' dir='ltr'>imitatorem</span> <span class='ocrx_word' id='word_1_11' title='bbox 401 442 426 484; x_wconf 91' lang='lat' dir='ltr'>et</span> <span class='ocrx_word' id='word_1_12' title='bbox 438 434 508 483; x_wconf 83' lang='lat' dir='ltr'>rivas</span> <span class='ocrx_word' id='word_1_13' title='bbox 520 432 584 481; x_wconf 90' lang='lat' dir='ltr'>hinc</span> <span class='ocrx_word' id='word_1_14' title='bbox 596 432 689 481; x_wconf 88' lang='lat' dir='ltr'>ducere</span> <span class='ocrx_word' id='word_1_15' title='bbox 702 447 793 482; x_wconf 86' lang='lat' dir='ltr'>voces.</span> 
     </span>
     <span class='ocr_line' id='line_1_4' title="bbox 113 505 693 587; baseline -0.003 -15"><span class='ocrx_word' id='word_1_16' title='bbox 113 524 243 572; x_wconf 89' lang='lat' dir='ltr'>interdum</span> <span class='ocrx_word' id='word_1_17' title='bbox 255 523 370 587; x_wconf 87' lang='lat' dir='ltr'>speciosa</span> <span class='ocrx_word' id='word_1_18' title='bbox 382 523 447 572; x_wconf 92' lang='lat' dir='ltr'>iocis</span> <span class='ocrx_word' id='word_1_19' title='bbox 460 505 612 584; x_wconf 76' lang='lat' dir='ltr'>morataque</span> <span class='ocrx_word' id='word_1_20' title='bbox 625 529 693 570; x_wconf 86' lang='lat' dir='ltr'>reete</span> 
     </span>
     <span class='ocr_line' id='line_1_5' title="bbox 60 611 755 673; baseline 0.001 -15"><span class='ocrx_word' id='word_1_21' title='bbox 60 620 99 659; x_wconf 79' lang='grc'>330</span> <span class='ocrx_word' id='word_1_22' title='bbox 114 611 203 660; x_wconf 90' lang='lat' dir='ltr'>fabula</span> <span class='ocrx_word' id='word_1_23' title='bbox 215 612 311 660; x_wconf 88' lang='lat' dir='ltr'>nullius</span> <span class='ocrx_word' id='word_1_24' title='bbox 324 613 435 670; x_wconf 87' lang='lat' dir='ltr'>veneris,</span> <span class='ocrx_word' id='word_1_25' title='bbox 452 611 506 660; x_wconf 90' lang='lat' dir='ltr'>sine</span> <span class='ocrx_word' id='word_1_26' title='bbox 518 611 630 673; x_wconf 87' lang='lat' dir='ltr'>pondere</span> <span class='ocrx_word' id='word_1_27' title='bbox 643 618 669 660; x_wconf 89' lang='lat' dir='ltr'>et</span> <span class='ocrx_word' id='word_1_28' title='bbox 682 616 755 670; x_wconf 87' lang='lat' dir='ltr'>arte,</span> 
     </span>
     <span class='ocr_line' id='line_1_6' title="bbox 113 698 764 762; baseline -0.003 -13"><span class='ocrx_word' id='word_1_29' title='bbox 113 701 214 749; x_wconf 81' lang='lat' dir='ltr'>valdius</span> <span class='ocrx_word' id='word_1_30' title='bbox 226 700 338 749; x_wconf 86' lang='lat' dir='ltr'>obiectat</span> <span class='ocrx_word' id='word_1_31' title='bbox 347 698 478 762; x_wconf 84' lang='lat' dir='ltr'>&#39;populum</span> <span class='ocrx_word' id='word_1_32' title='bbox 490 698 632 761; x_wconf 82' lang='lat' dir='ltr'>meliusque</span> <span class='ocrx_word' id='word_1_33' title='bbox 646 706 764 747; x_wconf 89' lang='lat' dir='ltr'>moratur</span> 
     </span>
     <span class='ocr_line' id='line_1_7' title="bbox 114 789 888 850; baseline 0.001 -15"><span class='ocrx_word' id='word_1_34' title='bbox 114 804 192 850; x_wconf 91' lang='lat' dir='ltr'>qnam</span> <span class='ocrx_word' id='word_1_35' title='bbox 205 804 291 838; x_wconf 89' lang='lat' dir='ltr'>versus</span> <span class='ocrx_word' id='word_1_36' title='bbox 304 789 394 850; x_wconf 89' lang='lat' dir='ltr'>inopes</span> <span class='ocrx_word' id='word_1_37' title='bbox 408 802 492 836; x_wconf 88' lang='lat' dir='ltr'>rerum</span> <span class='ocrx_word' id='word_1_38' title='bbox 505 801 641 850; x_wconf 83' lang='lat' dir='ltr'>nugaeque</span> <span class='ocrx_word' id='word_1_39' title='bbox 654 802 781 837; x_wconf 85' lang='lat' dir='ltr'>canorae.</span> <span class='ocrx_word' id='word_1_40' title='bbox 848 831 851 835; x_wconf 81' lang='grc'><strong><em>.</em></strong></span> <span class='ocrx_word' id='word_1_41' title='bbox 884 798 888 823; x_wconf 77' lang='lat'><strong>²</strong></span> 
     </span>
     <span class='ocr_line' id='line_1_8' title="bbox 114 875 707 941; baseline -0.002 -17"><span class='ocrx_word' id='word_1_42' title='bbox 114 875 188 925; x_wconf 82' lang='lat' dir='ltr'>Grais</span> <span class='ocrx_word' id='word_1_43' title='bbox 200 877 348 941; x_wconf 82' lang='lat' dir='ltr'>ingenium,</span> <span class='ocrx_word' id='word_1_44' title='bbox 365 875 439 925; x_wconf 87' lang='lat' dir='ltr'>Grais</span> <span class='ocrx_word' id='word_1_45' title='bbox 453 875 524 924; x_wconf 85' lang='lat' dir='ltr'>dedit</span> <span class='ocrx_word' id='word_1_46' title='bbox 537 890 580 924; x_wconf 92' lang='lat' dir='ltr'>ore</span> <span class='ocrx_word' id='word_1_47' title='bbox 594 877 707 925; x_wconf 88' lang='lat' dir='ltr'>rotundo</span> 
     </span>
     <span class='ocr_line' id='line_1_9' title="bbox 113 963 732 1029; baseline 0.002 -16"><span class='ocrx_word' id='word_1_48' title='bbox 113 980 186 1014; x_wconf 87' lang='lat' dir='ltr'>musa</span> <span class='ocrx_word' id='word_1_49' title='bbox 198 966 280 1028; x_wconf 88' lang='lat' dir='ltr'>ioqui,</span> <span class='ocrx_word' id='word_1_50' title='bbox 295 973 396 1029; x_wconf 87' lang='lat' dir='ltr'>practer</span> <span class='ocrx_word' id='word_1_51' title='bbox 408 965 512 1013; x_wconf 87' lang='lat' dir='ltr'>laudem</span> <span class='ocrx_word' id='word_1_52' title='bbox 524 963 619 1012; x_wconf 90' lang='lat' dir='ltr'>nullius</span> <span class='ocrx_word' id='word_1_53' title='bbox 632 965 732 1014; x_wconf 83' lang='lat' dir='ltr'>avaris.</span> 
     </span>
     <span class='ocr_line' id='line_1_10' title="bbox 59 1053 659 1118; baseline 0.003 -19"><span class='ocrx_word' id='word_1_54' title='bbox 59 1061 98 1100; x_wconf 80' lang='grc'>333</span> <span class='ocrx_word' id='word_1_55' title='bbox 112 1053 225 1102; x_wconf 85' lang='lat' dir='ltr'>Romani</span> <span class='ocrx_word' id='word_1_56' title='bbox 237 1055 310 1118; x_wconf 83' lang='lat' dir='ltr'>paeri</span> <span class='ocrx_word' id='word_1_57' title='bbox 322 1053 407 1118; x_wconf 86' lang='lat' dir='ltr'>longis</span> <span class='ocrx_word' id='word_1_58' title='bbox 421 1053 563 1102; x_wconf 84' lang='lat' dir='ltr'>rationibus</span> <span class='ocrx_word' id='word_1_59' title='bbox 576 1067 659 1102; x_wconf 88' lang='lat' dir='ltr'>assem</span> 
     </span>
     <span class='ocr_line' id='line_1_11' title="bbox 113 1135 727 1206; baseline 0.002 -16"><span class='ocrx_word' id='word_1_60' title='bbox 113 1143 215 1192; x_wconf 92' lang='lat' dir='ltr'>discunt</span> <span class='ocrx_word' id='word_1_61' title='bbox 226 1143 254 1192; x_wconf 92' lang='lat' dir='ltr'>in</span> <span class='ocrx_word' id='word_1_62' title='bbox 267 1143 348 1206; x_wconf 86' lang='lat' dir='ltr'>partis</span> <span class='ocrx_word' id='word_1_63' title='bbox 361 1151 465 1193; x_wconf 89' lang='lat' dir='ltr'>centum</span> <span class='ocrx_word' id='word_1_64' title='bbox 478 1143 612 1192; x_wconf 83' lang='lat' dir='ltr'>diducere.</span> <span class='ocrx_word' id='word_1_65' title='bbox 640 1135 727 1191; x_wconf 84' lang='lat' dir='ltr'>‘dicat</span> 
     </span>
     <span class='ocr_line' id='line_1_12' title="bbox 112 1231 673 1294; baseline 0.002 -15"><span class='ocrx_word' id='word_1_66' title='bbox 112 1231 179 1280; x_wconf 86' lang='lat' dir='ltr'>filius</span> <span class='ocrx_word' id='word_1_67' title='bbox 191 1232 296 1292; x_wconf 87' lang='lat' dir='ltr'>Albini,</span> <span class='ocrx_word' id='word_1_68' title='bbox 315 1233 336 1281; x_wconf 82' lang='lat' dir='ltr'>si</span> <span class='ocrx_word' id='word_1_69' title='bbox 349 1233 380 1280; x_wconf 92' lang='lat' dir='ltr'>de</span> <span class='ocrx_word' id='word_1_70' title='bbox 394 1233 536 1294; x_wconf 83' lang='lat' dir='ltr'>quincunce</span> <span class='ocrx_word' id='word_1_71' title='bbox 549 1238 673 1280; x_wconf 83' lang='lat' dir='ltr'>remotast</span> 
     </span>
     <span class='ocr_line' id='line_1_13' title="bbox 111 1318 857 1384; baseline 0.005 -17"><span class='ocrx_word' id='word_1_72' title='bbox 111 1320 202 1380; x_wconf 88' lang='lat' dir='ltr'>uncia,</span> <span class='ocrx_word' id='word_1_73' title='bbox 218 1321 407 1384; x_wconf 82' lang='lat' dir='ltr'>quidsuperat?</span> <span class='ocrx_word' id='word_1_74' title='bbox 425 1329 527 1384; x_wconf 88' lang='lat' dir='ltr'>poteras</span> <span class='ocrx_word' id='word_1_75' title='bbox 540 1318 657 1369; x_wconf 77' lang='lat' dir='ltr'>dixisse.³</span> <span class='ocrx_word' id='word_1_76' title='bbox 675 1320 790 1374; x_wconf 75' lang='lat' dir='ltr'>‘triens&#39;</span> <span class='ocrx_word' id='word_1_77' title='bbox 808 1323 857 1372; x_wconf 80' lang='lat' dir='ltr'>‘en</span> 
     </span>
     <span class='ocr_line' id='line_1_14' title="bbox 111 1410 845 1472; baseline 0.005 -16"><span class='ocrx_word' id='word_1_78' title='bbox 111 1423 165 1457; x_wconf 90' lang='lat' dir='ltr'>rem</span> <span class='ocrx_word' id='word_1_79' title='bbox 178 1411 274 1471; x_wconf 90' lang='lat' dir='ltr'>poteris</span> <span class='ocrx_word' id='word_1_80' title='bbox 288 1425 388 1458; x_wconf 86' lang='lat' dir='ltr'>servare</span> <span class='ocrx_word' id='word_1_81' title='bbox 401 1418 487 1459; x_wconf 91' lang='lat' dir='ltr'>tuam.</span> <span class='ocrx_word' id='word_1_82' title='bbox 521 1410 587 1458; x_wconf 86' lang='lat' dir='ltr'>redit</span> <span class='ocrx_word' id='word_1_83' title='bbox 600 1410 692 1470; x_wconf 87' lang='lat' dir='ltr'>uncia,</span> <span class='ocrx_word' id='word_1_84' title='bbox 709 1410 772 1472; x_wconf 91' lang='lat' dir='ltr'>qnid</span> <span class='ocrx_word' id='word_1_85' title='bbox 787 1410 845 1460; x_wconf 81' lang='lat' dir='ltr'>fit?’</span> 
     </span>
     <span class='ocr_line' id='line_1_15' title="bbox 57 1489 810 1563; baseline 0.008 -21"><span class='ocrx_word' id='word_1_86' title='bbox 57 1504 97 1544; x_wconf 92' lang='grc'>330</span> <span class='ocrx_word' id='word_1_87' title='bbox 110 1489 219 1546; x_wconf 81' lang='lat' dir='ltr'>‘semis&#39;</span> <span class='ocrx_word' id='word_1_88' title='bbox 245 1513 294 1559; x_wconf 85' lang='lat' dir='ltr'>an,</span> <span class='ocrx_word' id='word_1_89' title='bbox 309 1499 373 1546; x_wconf 87' lang='lat' dir='ltr'>haec</span> <span class='ocrx_word' id='word_1_90' title='bbox 387 1499 486 1548; x_wconf 89' lang='lat' dir='ltr'>animos</span> <span class='ocrx_word' id='word_1_91' title='bbox 499 1513 594 1563; x_wconf 77' lang='lat' dir='ltr'>aerugo</span> <span class='ocrx_word' id='word_1_92' title='bbox 608 1506 633 1547; x_wconf 94' lang='lat' dir='ltr'>et</span> <span class='ocrx_word' id='word_1_93' title='bbox 646 1514 709 1547; x_wconf 83' lang='lat' dir='ltr'>cura</span> <span class='ocrx_word' id='word_1_94' title='bbox 722 1500 810 1561; x_wconf 89' lang='lat' dir='ltr'>peculi</span> 
     </span>
     <span class='ocr_line' id='line_1_16' title="bbox 111 1587 760 1651; baseline 0.002 -17"><span class='ocrx_word' id='word_1_95' title='bbox 111 1602 170 1634; x_wconf 90' lang='lat' dir='ltr'>cum</span> <span class='ocrx_word' id='word_1_96' title='bbox 184 1587 261 1635; x_wconf 90' lang='lat' dir='ltr'>semel</span> <span class='ocrx_word' id='word_1_97' title='bbox 273 1587 411 1647; x_wconf 83' lang='lat' dir='ltr'>imbuerit,</span> <span class='ocrx_word' id='word_1_98' title='bbox 425 1601 555 1648; x_wconf 87' lang='lat' dir='ltr'>speramns</span> <span class='ocrx_word' id='word_1_99' title='bbox 568 1588 685 1636; x_wconf 87' lang='lat' dir='ltr'>carmina</span> <span class='ocrx_word' id='word_1_100' title='bbox 698 1588 760 1651; x_wconf 85' lang='lat' dir='ltr'>fingi</span> 
     </span>
     <span class='ocr_line' id='line_1_17' title="bbox 110 1675 782 1738; baseline 0.003 -15"><span class='ocrx_word' id='word_1_101' title='bbox 110 1690 184 1737; x_wconf 85' lang='lat' dir='ltr'>posse</span> <span class='ocrx_word' id='word_1_102' title='bbox 197 1675 302 1724; x_wconf 89' lang='lat' dir='ltr'>linenda</span> <span class='ocrx_word' id='word_1_103' title='bbox 315 1676 392 1725; x_wconf 85' lang='lat' dir='ltr'>cedro</span> <span class='ocrx_word' id='word_1_104' title='bbox 406 1687 431 1726; x_wconf 91' lang='lat' dir='ltr'>et</span> <span class='ocrx_word' id='word_1_105' title='bbox 443 1677 492 1725; x_wconf 83' lang='lat' dir='ltr'>levi</span> <span class='ocrx_word' id='word_1_106' title='bbox 505 1677 628 1725; x_wconf 88' lang='lat' dir='ltr'>servanda</span> <span class='ocrx_word' id='word_1_107' title='bbox 641 1677 782 1738; x_wconf 82' lang='lat' dir='ltr'>cupresso?</span> 
     </span>
     <span class='ocr_line' id='line_1_18' title="bbox 110 1765 692 1827; baseline 0.002 -16"><span class='ocrx_word' id='word_1_108' title='bbox 110 1774 155 1812; x_wconf 88' lang='lat' dir='ltr'>aut</span> <span class='ocrx_word' id='word_1_109' title='bbox 168 1767 287 1827; x_wconf 79' lang='lat' dir='ltr'>prodesse</span> <span class='ocrx_word' id='word_1_110' title='bbox 302 1765 390 1814; x_wconf 85' lang='lat' dir='ltr'>volunt</span> <span class='ocrx_word' id='word_1_111' title='bbox 404 1773 448 1814; x_wconf 89' lang='lat' dir='ltr'>aut</span> <span class='ocrx_word' id='word_1_112' title='bbox 461 1765 587 1814; x_wconf 85' lang='lat' dir='ltr'>delectare</span> <span class='ocrx_word' id='word_1_113' title='bbox 600 1772 692 1826; x_wconf 87' lang='lat' dir='ltr'>poetae</span> 
     </span>
     <span class='ocr_line' id='line_1_19' title="bbox 110 1853 744 1904; baseline 0.005 -4"><span class='ocrx_word' id='word_1_114' title='bbox 110 1861 154 1901; x_wconf 89' lang='lat' dir='ltr'>aut</span> <span class='ocrx_word' id='word_1_115' title='bbox 167 1853 242 1901; x_wconf 92' lang='lat' dir='ltr'>simul</span> <span class='ocrx_word' id='word_1_116' title='bbox 256 1864 280 1903; x_wconf 93' lang='lat' dir='ltr'>et</span> <span class='ocrx_word' id='word_1_117' title='bbox 292 1855 405 1903; x_wconf 87' lang='lat' dir='ltr'>incunda</span> <span class='ocrx_word' id='word_1_118' title='bbox 418 1863 443 1904; x_wconf 90' lang='lat' dir='ltr'>et</span> <span class='ocrx_word' id='word_1_119' title='bbox 455 1855 550 1903; x_wconf 90' lang='lat' dir='ltr'>idonea</span> <span class='ocrx_word' id='word_1_120' title='bbox 563 1854 647 1903; x_wconf 80' lang='lat' dir='ltr'>dicere</span> <span class='ocrx_word' id='word_1_121' title='bbox 660 1853 744 1902; x_wconf 84' lang='lat' dir='ltr'>ritae.</span> 
     </span>
     <span class='ocr_line' id='line_1_20' title="bbox 56 1941 779 2005; baseline 0.008 -21"><span class='ocrx_word' id='word_1_122' title='bbox 56 1946 95 1986; x_wconf 81' lang='grc'>333</span> <span class='ocrx_word' id='word_1_123' title='bbox 110 1942 236 2004; x_wconf 89' lang='lat' dir='ltr'>quidquid</span> <span class='ocrx_word' id='word_1_124' title='bbox 249 1943 406 2005; x_wconf 86' lang='lat' dir='ltr'>praecipies,</span> <span class='ocrx_word' id='word_1_125' title='bbox 421 1951 473 1992; x_wconf 89' lang='lat' dir='ltr'>esto</span> <span class='ocrx_word' id='word_1_126' title='bbox 488 1943 585 2003; x_wconf 87' lang='lat' dir='ltr'>brevis,</span> <span class='ocrx_word' id='word_1_127' title='bbox 600 1948 628 1990; x_wconf 90' lang='lat' dir='ltr'>ut</span> <span class='ocrx_word' id='word_1_128' title='bbox 642 1941 693 1989; x_wconf 89' lang='lat' dir='ltr'>cito</span> <span class='ocrx_word' id='word_1_129' title='bbox 708 1942 779 1990; x_wconf 91' lang='lat' dir='ltr'>dicta</span> 
     </span>
     <span class='ocr_line' id='line_1_21' title="bbox 109 2031 737 2093; baseline 0.005 -16"><span class='ocrx_word' id='word_1_130' title='bbox 109 2031 253 2093; x_wconf 87' lang='lat' dir='ltr'>percipiant</span> <span class='ocrx_word' id='word_1_131' title='bbox 267 2033 346 2080; x_wconf 88' lang='lat' dir='ltr'>animi</span> <span class='ocrx_word' id='word_1_132' title='bbox 360 2031 456 2080; x_wconf 88' lang='lat' dir='ltr'>dociles</span> <span class='ocrx_word' id='word_1_133' title='bbox 469 2039 623 2092; x_wconf 85' lang='lat' dir='ltr'>teneantque</span> <span class='ocrx_word' id='word_1_134' title='bbox 636 2031 737 2080; x_wconf 86' lang='lat' dir='ltr'>fideles.</span> 
     </span>
     <span class='ocr_line' id='line_1_22' title="bbox 109 2120 750 2183; baseline 0.003 -19"><span class='ocrx_word' id='word_1_135' title='bbox 109 2131 186 2167; x_wconf 86' lang='lat' dir='ltr'>omne</span> <span class='ocrx_word' id='word_1_136' title='bbox 200 2134 384 2182; x_wconf 83' lang='lat' dir='ltr'>supervacuum</span> <span class='ocrx_word' id='word_1_137' title='bbox 398 2120 474 2183; x_wconf 91' lang='lat' dir='ltr'>pleno</span> <span class='ocrx_word' id='word_1_138' title='bbox 488 2120 519 2168; x_wconf 89' lang='lat' dir='ltr'>de</span> <span class='ocrx_word' id='word_1_139' title='bbox 531 2128 634 2182; x_wconf 91' lang='lat' dir='ltr'>pectore</span> <span class='ocrx_word' id='word_1_140' title='bbox 647 2132 750 2169; x_wconf 85' lang='lat' dir='ltr'>manat:</span> 
     </span>
     <span class='ocr_line' id='line_1_23' title="bbox 109 2207 700 2271; baseline 0.007 -19"><span class='ocrx_word' id='word_1_141' title='bbox 109 2207 167 2253; x_wconf 85' lang='lat' dir='ltr'>ficta</span> <span class='ocrx_word' id='word_1_142' title='bbox 180 2209 318 2271; x_wconf 89' lang='lat' dir='ltr'>voluptatis</span> <span class='ocrx_word' id='word_1_143' title='bbox 332 2224 410 2257; x_wconf 86' lang='lat' dir='ltr'>causa</span> <span class='ocrx_word' id='word_1_144' title='bbox 422 2209 473 2257; x_wconf 88' lang='lat' dir='ltr'>sint</span> <span class='ocrx_word' id='word_1_145' title='bbox 485 2209 606 2271; x_wconf 83' lang='lat' dir='ltr'>proxima</span> <span class='ocrx_word' id='word_1_146' title='bbox 618 2209 700 2270; x_wconf 90' lang='lat' dir='ltr'>veris,</span> 
     </span>
     <span class='ocr_line' id='line_1_24' title="bbox 108 2296 777 2360; baseline 0.009 -19"><span class='ocrx_word' id='word_1_147' title='bbox 108 2309 140 2342; x_wconf 94' lang='lat' dir='ltr'>nc</span> <span class='ocrx_word' id='word_1_148' title='bbox 154 2296 333 2358; x_wconf 86' lang='lat' dir='ltr'>quodcumque</span> <span class='ocrx_word' id='word_1_149' title='bbox 345 2297 413 2346; x_wconf 90' lang='lat' dir='ltr'>volet</span> <span class='ocrx_word' id='word_1_150' title='bbox 426 2304 514 2360; x_wconf 86' lang='lat' dir='ltr'>poscat</span> <span class='ocrx_word' id='word_1_151' title='bbox 526 2297 574 2345; x_wconf 87' lang='lat' dir='ltr'>sibi</span> <span class='ocrx_word' id='word_1_152' title='bbox 587 2297 679 2346; x_wconf 87' lang='lat' dir='ltr'>fabula</span> <span class='ocrx_word' id='word_1_153' title='bbox 692 2299 777 2359; x_wconf 89' lang='lat' dir='ltr'>credi,</span> 
     </span>
     <span class='ocr_line' id='line_1_25' title="bbox 55 2386 888 2451; baseline 0.014 -25"><span class='ocrx_word' id='word_1_154' title='bbox 55 2388 93 2427; x_wconf 81' lang='grc'>300</span> <span class='ocrx_word' id='word_1_155' title='bbox 108 2398 158 2432; x_wconf 90' lang='lat' dir='ltr'>neu</span> <span class='ocrx_word' id='word_1_156' title='bbox 171 2398 281 2447; x_wconf 86' lang='lat' dir='ltr'>pransae</span> <span class='ocrx_word' id='word_1_157' title='bbox 295 2386 402 2435; x_wconf 87' lang='lat' dir='ltr'>Lamiae</span> <span class='ocrx_word' id='word_1_158' title='bbox 415 2388 500 2435; x_wconf 87' lang='lat' dir='ltr'>virum</span> <span class='ocrx_word' id='word_1_159' title='bbox 513 2400 621 2449; x_wconf 89' lang='lat' dir='ltr'>puerum</span> <span class='ocrx_word' id='word_1_160' title='bbox 634 2387 756 2436; x_wconf 85' lang='lat' dir='ltr'>extrahat</span> <span class='ocrx_word' id='word_1_161' title='bbox 769 2389 840 2437; x_wconf 86' lang='lat' dir='ltr'>alra.</span> <span class='ocrx_word' id='word_1_162' title='bbox 886 2446 888 2451; x_wconf 28' lang='grc' dir='ltr'>Ι</span> 
     </span>
     <span class='ocr_line' id='line_1_26' title="bbox 109 2473 730 2538; baseline 0.002 -16"><span class='ocrx_word' id='word_1_163' title='bbox 109 2473 239 2522; x_wconf 86' lang='lat' dir='ltr'>centuriae</span> <span class='ocrx_word' id='word_1_164' title='bbox 250 2474 379 2521; x_wconf 89' lang='lat' dir='ltr'>seniorum</span> <span class='ocrx_word' id='word_1_165' title='bbox 393 2475 492 2538; x_wconf 85' lang='lat' dir='ltr'>agitant</span> <span class='ocrx_word' id='word_1_166' title='bbox 505 2476 620 2537; x_wconf 85' lang='lat' dir='ltr'>expertia</span> <span class='ocrx_word' id='word_1_167' title='bbox 632 2474 730 2538; x_wconf 88' lang='lat' dir='ltr'>frugis,</span> 
     </span>
     <span class='ocr_line' id='line_1_27' title="bbox 94 2563 730 2633; baseline -0.002 -21"><span class='ocrx_word' id='word_1_168' title='bbox 94 2564 163 2616; x_wconf 79' lang='lat' dir='ltr'>celsi</span> <span class='ocrx_word' id='word_1_169' title='bbox 174 2573 348 2633; x_wconf 85' lang='lat' dir='ltr'>praetercunt</span> <span class='ocrx_word' id='word_1_170' title='bbox 361 2573 465 2615; x_wconf 84' lang='lat' dir='ltr'>austera</span> <span class='ocrx_word' id='word_1_171' title='bbox 476 2571 597 2628; x_wconf 70' lang='lat' dir='ltr'>poemata</span> <span class='ocrx_word' id='word_1_172' title='bbox 605 2563 730 2611; x_wconf 74' lang='lat' dir='ltr'>Ramnes:</span> 
     </span>
    </p>
   </div>
   <div class='ocr_carea' id='block_1_3' title="bbox 82 2649 763 2729">
    <p class='ocr_par' dir='ltr' id='par_1_3' title="bbox 82 2649 763 2729">
     <span class='ocr_line' id='line_1_28' title="bbox 82 2649 763 2729; baseline -0.029 -16"><span class='ocrx_word' id='word_1_173' title='bbox 82 2669 170 2712; x_wconf 82' lang='lat' dir='ltr'>Omne</span> <span class='ocrx_word' id='word_1_174' title='bbox 183 2661 252 2714; x_wconf 83' lang='lat' dir='ltr'>tulit</span> <span class='ocrx_word' id='word_1_175' title='bbox 263 2669 405 2729; x_wconf 87' lang='lat' dir='ltr'>punctam</span> <span class='ocrx_word' id='word_1_176' title='bbox 421 2658 468 2723; x_wconf 82' lang='lat' dir='ltr'>qui</span> <span class='ocrx_word' id='word_1_177' title='bbox 480 2653 591 2705; x_wconf 69' lang='lat' dir='ltr'>miscaria</span> <span class='ocrx_word' id='word_1_178' title='bbox 599 2650 665 2698; x_wconf 70' lang='lat' dir='ltr'>uide</span> <span class='ocrx_word' id='word_1_179' title='bbox 677 2649 763 2704; x_wconf 59' lang='lat' dir='ltr'>duta,</span> 
     </span>
    </p>
   </div>
   <div class='ocr_carea' id='block_1_4' title="bbox 0 0 896 3000">
    <p class='ocr_par' dir='ltr' id='par_1_4' title="bbox 0 0 896 3000">
     <span class='ocr_line' id='line_1_29' title="bbox 0 0 896 3000; baseline 0 3"><span class='ocrx_word' id='word_1_180' title='bbox 0 0 896 3000; x_wconf 95' lang='lat' dir='ltr'> </span> 
     </span>
    </p>
   </div>
  </div>
 </body>
</html>
