1784 3000
410 215 505 255 memte
519 214 544 254 1.

100 383 215 440 premant
228 374 355 426 Calenam
367 375 433 426 falce
447 376 540 439 quibus
554 376 624 426 dedit

59 469 78 508 1⁰
99 464 212 514 Fortuna
226 463 321 525 vitem,
336 464 405 513 dives
419 471 444 514 et
456 466 540 514 aureis

99 559 225 602 mercator
239 553 351 602 exsiccet
362 552 464 602 culullis

46 670 49 675 -
99 640 157 688 rina
168 638 237 704 Syra
248 647 370 704 reparata
381 655 479 703 merce,

43 826 59 851 :·
98 781 136 830 dis
148 797 226 832 carus
238 781 315 846 ipsit,
331 782 425 845 quippe
439 789 477 832 ter
490 789 515 831 et
528 788 618 845 quater

98 883 165 918 anno
179 869 294 919 revisens
306 884 403 933 aequor
415 869 576 920 Atlanticum

51 962 74 1002 lt
97 956 209 1021 inpune:
232 971 274 1006 me
287 964 396 1020 pascunt
408 957 507 1020 olivae,

96 1059 137 1094 me
150 1044 274 1094 cichorea
286 1043 403 1108 levesque
415 1046 528 1096 malvae.

97 1185 147 1234 frui
160 1186 261 1250 peratis
274 1192 300 1235 et
312 1185 397 1234 valido
410 1187 488 1247 mihi,

96 1273 193 1335 Latoe,
208 1273 289 1322 donea
302 1287 343 1332 ec,
358 1289 462 1336 precor,
477 1275 579 1338 integre

97 1377 155 1410 cum
169 1369 257 1411 mente
269 1375 316 1410 nee
329 1369 431 1425 turpem
443 1371 575 1413 senectam

45 1454 71 1496 2⁰
97 1450 188 1514 degere
200 1464 250 1498 nec
263 1449 363 1499 cithara
376 1459 517 1503 carentem.

410 1819 528 1868 XXXII.

96 1993 244 2044 Poscimur.
272 1993 358 2056 siquid
370 1995 445 2043 vacui
458 1996 504 2045 sub
518 1997 609 2045 umbra

96 2081 202 2132 lusimus
215 2089 316 2142 tecum,
332 2083 402 2146 quod
415 2091 440 2132 et
453 2083 522 2133 hunc
534 2085 563 2133 in
576 2099 671 2134 annum

95 2171 164 2221 vivat
176 2177 201 2219 et
214 2170 295 2233 pluris
307 2185 354 2235 age
367 2171 408 2219 dic
420 2171 557 2234 Latinum,

96 2256 210 2320 barbito,
225 2272 344 2320 carmen,

61 2405 72 2444 t
95 2398 188 2449 Lesbio
203 2400 318 2464 primum
329 2400 461 2450 modulate
473 2401 538 2461 civi,

86 2475 137 2551 ¹qui
152 2488 228 2538 ferox
240 2486 308 2537 bello
321 2497 409 2539 temen
420 2489 486 2539 inter
499 2504 584 2550 arma,

94 2576 144 2626 aive
156 2577 283 2626 iactatam
295 2577 416 2641 religaret
428 2577 479 2626 udo

88 2663 163 2711 litote
172 2664 273 2723 marim,
