1770 2984
115 199 166 247 arc
381 188 604 237 nmsromnuu

115 373 143 406 os
155 365 273 406 tenerum
287 353 360 418 pueri
373 353 531 416 balbumque
543 360 621 416 poeta
635 354 748 419 figurat,

116 452 220 507 torquet
235 442 267 492 ab
282 442 415 491 obscaenis
427 441 481 490 iam
493 456 562 490 nunc
576 443 743 492 sermonibus
756 456 847 501 aurem,

116 546 179 579 mox
193 531 272 579 etiam
284 536 373 593 pectus
387 530 530 593 praeceptis
543 528 642 579 format
656 530 766 590 amicis,

118 620 264 684 asperitatis
278 626 303 669 et
315 617 427 667 invidiae
441 625 570 667 correptor
582 626 607 668 et
619 619 692 680 irae,

66 719 107 756 130
123 718 190 757 recte
203 707 274 757 facta
286 698 379 768 refert,
394 706 505 755 orientia
517 714 634 770 tempora
647 707 719 756 notis

117 797 221 845 instruit
233 794 374 860 exemplis,
389 795 495 857 inopem
508 795 605 844 solatur
617 801 642 843 et
655 810 778 860 aegrum.

118 886 194 934 castis
207 899 266 933 cum
278 884 363 947 pueris
376 883 468 947 ignara
480 882 567 946 puella
579 883 669 934 mariti

118 974 227 1022 disceret
238 973 307 1021 unde
320 985 423 1034 preces,
438 978 523 1020 vatem
536 971 563 1019 ni
575 985 649 1020 musa
662 972 794 1023 dedisset?

119 1063 204 1124 poscit
217 1075 293 1124 opem
305 1059 399 1108 chorus
413 1067 438 1108 et
450 1058 594 1123 praesentia
606 1060 717 1109 numina
730 1062 822 1123 sentit,

67 1158 105 1196 rot
121 1150 236 1199 caelestis
250 1148 363 1212 inploret
375 1161 455 1209 aquas
467 1147 543 1196 docta
555 1161 629 1210 prece
642 1146 771 1210 blandus,

121 1239 212 1287 avertit
224 1238 346 1298 morbos,
361 1236 499 1287 metuenda
511 1235 626 1299 pericula
638 1235 728 1298 pellit,

121 1327 233 1388 inpetrat
245 1334 271 1374 et
283 1336 374 1389 paoem
387 1332 412 1374 ot
423 1324 579 1389 locupletem
592 1323 710 1388 frugibus
722 1339 834 1374 annum.

122 1414 235 1463 carmine
248 1414 274 1461 di
287 1413 374 1476 superi
386 1413 534 1476 placantur,
550 1413 664 1462 carmine
676 1428 783 1463 manes.

122 1501 251 1566 agricolae
263 1502 356 1564 prisci,
371 1501 449 1551 fortes
460 1515 592 1565 parvoque
603 1501 686 1562 beati,

69 1600 107 1636 rso
123 1591 227 1640 condita
240 1597 299 1654 post
311 1589 440 1640 frumenta
451 1590 563 1640 levantes
575 1597 692 1652 tempore
705 1589 773 1639 festo

122 1695 214 1743 corpus
227 1689 251 1729 et
264 1681 351 1743 ipsum
363 1679 480 1727 animum
493 1693 536 1742 spe
549 1678 607 1727 finis
621 1679 685 1726 dura
698 1678 827 1728 ferentem

123 1785 182 1817 cum
198 1769 274 1818 sociis
288 1783 395 1831 operum
408 1768 493 1831 pueris
506 1775 532 1816 et
544 1767 653 1831 coniuge
666 1766 734 1827 fida,

124 1858 253 1906 Tellurem
266 1871 360 1920 porca,
376 1855 509 1906 Silvanum
521 1856 587 1904 lacte
600 1854 722 1919 piabant,

124 1946 228 1994 floribus
241 1954 265 1994 et
278 1945 338 1993 vino
352 1943 466 1994 Genium
479 1959 617 1993 memorem
632 1943 713 1992 brevis
727 1945 801 1995 aevi.

71 2042 110 2079 145
126 2035 284 2084 Fescennina
299 2048 345 2098 per
356 2033 425 2082 hunc
438 2034 542 2082 inventa
554 2031 660 2080 licentia
673 2044 773 2080 morem

124 2123 238 2172 versibus
251 2122 355 2172 alteruis
367 2121 507 2185 opprobria
519 2121 616 2170 rustica
628 2120 710 2180 fudit,

125 2213 280 2273 libertasque
294 2211 446 2259 recurrentis
459 2218 565 2273 accepta
579 2224 623 2272 pcr
636 2223 718 2258 annos

125 2299 185 2347 lusit
198 2296 360 2359 amabiliter,
376 2299 457 2347 donec
470 2299 525 2347 iam
537 2312 627 2347 saevus
639 2303 755 2360 apertam

126 2389 153 2436 in
166 2386 263 2435 rabiem
277 2385 363 2446 coepit
374 2386 438 2435 verti
451 2387 524 2436 iocus
538 2394 563 2436 et
574 2401 619 2448 per
631 2385 750 2435 honestas

73 2483 112 2522 rto
126 2477 163 2524 ire
177 2477 267 2523 domos
279 2473 378 2534 inpune
390 2474 495 2524 minax.
522 2475 626 2523 doluere
639 2480 745 2523 cruento

128 2565 203 2613 dente
215 2561 341 2611 lacessiti:
357 2561 407 2609 fuit
420 2562 523 2612 intactis
536 2577 640 2626 quoque
653 2576 714 2610 cura

127 2653 280 2703 condicione
290 2664 364 2716 super
377 2652 524 2700 communi:
539 2653 603 2714 quin
616 2651 694 2699 etiam
706 2651 749 2698 lex
