1770 2984
382 177 619 224 EPISTULARUM

464 465 520 514 VI.

115 676 158 724 Nil
172 677 296 725 admirari
309 691 440 740 properes
453 685 490 726 est
503 692 573 739 una,
590 680 726 744 Numici,

115 764 221 827 solaque
234 779 300 828 quoe
313 766 395 828 possit
407 765 494 814 faeere
507 775 532 815 et
544 781 657 820 servare
672 772 798 822 beatum.

115 855 183 902 huno
196 855 276 903 solem
290 863 314 903 et
327 854 412 903 stellas
425 863 450 903 et
463 854 621 906 decedentia
635 862 723 910 certis

116 954 232 1007 temporo
245 944 384 992 momentis
397 950 457 992 sunt
469 945 515 1006 qui
528 944 684 998 formidine
698 949 776 998 nulla

115 1034 209 1082 imbuti
223 1040 351 1096 spectent.
379 1034 442 1096 quid
455 1047 540 1083 censes
553 1047 676 1084 munera
691 1045 799 1098 terrae,

117 1125 178 1187 quid
192 1123 270 1172 maris
282 1130 411 1172 extremos
423 1122 524 1170 Arabas
538 1121 651 1172 ditantis
667 1133 696 1174 et
710 1127 795 1176 Indos

116 1216 228 1273 ludicre,
244 1212 306 1275 quid
319 1211 424 1274 plausus
437 1210 552 1259 stamini
565 1211 640 1261 done
655 1212 793 1280 Quiritis,

117 1317 169 1365 quo
183 1300 321 1364 spectanda
334 1300 428 1360 modo,
443 1313 494 1361 quo
508 1313 584 1347 sensu
598 1303 691 1352 credis
707 1312 734 1353 et
748 1303 812 1354 ore?

118 1392 162 1453 qui
175 1391 248 1438 timet
261 1389 300 1438 his
313 1388 430 1447 adversa,
447 1387 499 1436 fere
512 1386 624 1436 miratur
636 1392 743 1441 eodem

118 1494 169 1542 quo
184 1479 289 1541 cupiens
301 1485 392 1541 puoto:
407 1490 488 1540 pavor
500 1483 537 1525 est
548 1476 700 1540 utrobique
714 1482 851 1542 molestus

118 1568 248 1631 inprovisa
262 1566 337 1615 simul
351 1566 450 1629 speeies
468 1572 585 1614 externat
598 1573 767 1632 utrumque.

118 1657 228 1722 gaudeat
243 1671 275 1703 an
288 1655 390 1715 doleat,
406 1655 493 1717 cupiet
506 1661 657 1715 motuinus,
684 1659 756 1720 quid
771 1663 808 1709 ad
821 1675 851 1709 ret

119 1749 155 1809 si,
171 1745 296 1810 quidquid
310 1743 375 1792 vidit
388 1742 477 1791 melius
490 1741 614 1804 peiusque
628 1750 682 1793 suu
697 1762 766 1810 spe,

120 1837 210 1887 defixis
223 1833 303 1883 oeulis
316 1833 454 1894 animoque
467 1837 491 1880 et
504 1844 612 1892 corpore
624 1836 740 1896 torpet?

119 1926 202 1974 insani
215 1924 318 1987 sopiens
329 1934 424 1969 nomen
438 1920 515 1978 ferat,
530 1933 629 1981 aequus
642 1920 756 1985 iniqui,

120 2016 187 2062 ultro
200 2027 277 2075 quam
290 2011 351 2059 sotis
364 2016 400 2059 est
413 2009 532 2057 virtutem
545 2007 651 2070 sippetet
664 2010 777 2072 ipsam.

120 2103 128 2147 i
141 2117 226 2161 nuno,
249 2109 382 2164 argentum
396 2106 420 2147 et
434 2111 548 2145 marmor
560 2104 633 2144 vetus
647 2111 774 2162 ueraque
790 2112 817 2154 et
831 2121 851 2154 a]

119 2192 227 2252 suspice,
243 2204 302 2237 oum
314 2187 422 2251 gemmis
435 2185 529 2248 Tyrios
542 2184 637 2232 mirare
650 2186 761 2239 colores
772 2209 780 2251 ς

121 2278 203 2341 guude
217 2277 286 2338 quod
300 2283 416 2338 spectant
430 2274 497 2322 oouli
510 2280 534 2322 te
548 2272 618 2320 mille
632 2272 817 2341 loquentem3

121 2380 200 2413 navus
212 2379 288 2412 meno
302 2363 388 2411 forum
402 2371 427 2413 et
439 2361 597 2424 vespertinus
609 2370 668 2422 pete
683 2371 812 2429 tectum,

121 2471 153 2505 ne
166 2455 222 2519 plus
235 2451 357 2499 frumenti
371 2451 501 2499 dotalibus
514 2456 606 2499 emetat
620 2450 692 2511 agris

121 2546 208 2594 Mutus
222 2549 246 2590 et
260 2540 420 2604 (indignum,
436 2540 505 2600 quod
519 2539 550 2586 sit
562 2537 696 2599 peioribus
711 2545 805 2610 ortus)

121 2630 163 2674 hio
176 2631 223 2675 tibi
236 2630 268 2677 sit
281 2627 366 2692 potius
380 2642 459 2688 quom
474 2636 499 2675 tu
513 2624 640 2675 mirabilis
653 2626 711 2677 illi.
