1784 3000
405 173 499 215 LIBER
508 175 545 214 11.

68 341 78 379 l
100 337 172 385 illum
186 347 211 386 et
224 335 337 401 parentis
349 336 500 385 crediderim
513 337 550 384 sui

99 424 205 488 fregisse
220 425 345 473 cervicem
359 432 384 473 et
397 423 540 488 penetralis

97 514 219 576 sparsisse
233 520 359 561 nocturno
372 526 463 561 eruore

96 601 222 664 hospitis3
237 599 281 650 ille
293 614 392 650 venene
405 599 504 650 Colcha

97 748 122 790 et
134 741 264 804 quidquid
277 755 387 804 usquam
399 731 544 805 concipitur
556 743 628 792 nefas

49 834 73 875 lo
96 829 231 890 uerterit,
246 842 309 894 agro
323 830 366 892 qui
380 831 470 879 statuit
483 846 540 881 meo

96 925 120 966 te
134 917 206 966 triste
218 916 331 981 lignum,
346 926 371 967 te
384 919 510 967 caducum

96 1005 123 1052 in
134 1005 238 1053 domini
250 1013 328 1068 eaput
340 1006 500 1056 inmerentis.

96 1147 156 1208 quid
171 1146 283 1209 quisque
295 1146 357 1195 vitet
369 1161 512 1209 numquam
524 1146 625 1197 homini
637 1148 698 1197 satis

95 1244 200 1284 cautum
214 1235 292 1284 estin
304 1234 394 1283 horas.
422 1236 511 1284 navita
523 1235 669 1298 Bosporum

46 1326 72 1367 Β
95 1321 203 1387 Thynos
216 1321 386 1386 perhorrescit
398 1337 482 1385 neque
494 1323 561 1372 ultre

95 1423 173 1460 caeca
185 1410 262 1459 timet
274 1410 378 1460 aliunde
391 1410 457 1470 fata,

95 1551 167 1600 miles
180 1551 287 1615 sagittas
301 1559 327 1600 et
339 1551 447 1601 celerem
460 1552 548 1617 fugem

93 1638 196 1698 Parthi,
213 1646 318 1688 catenas
330 1639 442 1688 Parthus
456 1650 481 1689 et
493 1640 588 1689 Italum

93 1727 187 1776 robur:
203 1728 248 1777 sed
260 1727 390 1790 inprovisa
402 1729 446 1777 leti

50 1820 74 1861 υ
95 1815 131 1865 ria
142 1815 235 1878 rapuit
246 1815 379 1878 rapietque
391 1817 486 1880 gentis.

95 1970 171 2018 qnam
184 1971 267 2020 paene
281 1956 368 2006 furvae
381 1971 459 2022 regna
472 1958 641 2021 Proserpinae

95 2053 117 2093 et
128 2045 288 2094 iudicantem
301 2045 411 2094 vidimus
423 2046 539 2095 Aeacum

95 2132 214 2195 sedesque
228 2133 349 2182 discretas
362 2134 465 2196 piorum
478 2143 502 2182 et

95 2220 191 2270 Aeoliis
205 2220 301 2270 fidibus
313 2231 461 2283 querentem

54 2358 74 2403 Ι
95 2358 198 2427 Sappho
212 2360 305 2427 puellis
319 2362 350 2411 de
362 2362 542 2425 popularibus,

53 2459 60 2467 ·
95 2457 117 2497 et
127 2460 152 2498 te
165 2460 304 2499 sonantem
316 2449 415 2512 plenius
427 2465 520 2509 aureo,

45 2550 47 2585 ι
95 2535 199 2597 arcaea,
214 2537 314 2601 plectro
328 2537 393 2587 dura
407 2539 493 2598 nevis,

95 2624 154 2674 dura
167 2625 246 2690 fugae
259 2625 339 2686 mala,
356 2626 419 2675 dura
434 2627 507 2681 belli.
