1770 2984
129 180 180 229 158
439 175 561 216 monor

128 353 212 401 neque
224 339 312 387 horret
324 339 419 386 iratum
431 351 518 398 marc,

127 427 263 489 forumque
276 427 340 475 vitat
353 434 377 474 et
390 427 499 489 superbe
512 425 606 473 civium

127 515 301 578 potentiorum
314 514 420 565 limina.

127 618 188 667 ergo
202 613 246 651 aut
259 601 347 651 adulta
359 603 451 651 vitium
463 602 605 666 propagine

127 691 191 740 altas
203 691 308 740 maritat
319 690 445 753 populor,

125 780 210 828 autin
223 780 328 828 reducta
340 779 406 827 valle
418 779 590 840 mugientium

125 878 270 931 prospectat
283 868 391 916 errantis
402 883 507 931 greges,

125 957 254 1005 inutilisve
267 956 333 1004 falce
345 971 431 1004 ramos
444 963 581 1018 amputans

126 1045 252 1094 feliciores
264 1045 366 1105 inserit,

126 1142 170 1181 aut
183 1148 269 1196 pressa
282 1133 353 1196 puris
365 1133 444 1181 mella
456 1133 545 1181 condit
557 1132 689 1196 amphoris

125 1232 170 1270 aut
182 1223 272 1270 tondet
283 1221 397 1270 infirmae
410 1221 478 1269 ovis:

124 1309 163 1358 vel
176 1325 234 1357 eum
247 1311 368 1358 decorum
381 1309 487 1358 mitibus
498 1309 582 1371 pomis
594 1315 673 1371 caput

124 1396 271 1464 Autumnus
284 1399 351 1462 agria
365 1398 471 1456 extulit,

124 1493 152 1533 ut
165 1486 259 1550 gaudet
269 1485 372 1534 insitiva
384 1487 522 1548 decerpens
534 1500 612 1548 pyra,

125 1583 264 1623 certantem
277 1583 303 1622 et
314 1590 390 1622 uvam
404 1588 546 1637 purpurae,

124 1678 176 1725 qua
189 1671 336 1711 muneretur
349 1672 388 1723 tc,
403 1663 512 1724 Priape,
529 1670 554 1711 et
566 1672 606 1723 te,
621 1668 693 1724 pater

124 1750 240 1811 Silvane,
254 1760 325 1800 tutor
337 1752 440 1799 finium.

122 1840 184 1889 libet
196 1842 281 1889 iacere
294 1841 372 1888 modo
386 1840 432 1888 sub
445 1841 552 1901 antiqua
564 1838 636 1898 ilice,

124 1931 201 1978 modo
214 1931 241 1978 in
255 1929 338 1979 tenaci
353 1929 483 1992 gramine:

123 2017 245 2067 labuntur
258 2019 316 2066 altis
328 2018 432 2066 interim
444 2018 505 2066 rivis
519 2030 616 2078 aquae,

123 2114 264 2166 queruntur
277 2106 304 2153 in
317 2106 385 2154 silvis
397 2119 469 2163 aver,

122 2192 258 2254 sontesque
272 2193 384 2255 lymphis
397 2193 545 2254 obstrepunt
557 2191 737 2253 manantibus,

122 2294 225 2328 somnos
237 2281 307 2342 quod
319 2281 410 2328 invitet
421 2280 497 2328 levis.

122 2377 147 2416 ut
160 2383 219 2417 curn
231 2369 345 2416 tonantis
358 2383 439 2416 annus
451 2367 575 2416 hibernus
588 2367 658 2418 Iovis

68 2464 93 2502 30
122 2457 212 2505 imbris
226 2457 342 2518 nivisque
355 2462 492 2518 conparat,

122 2552 166 2594 aut
178 2545 257 2593 trudit
271 2545 336 2593 acris
348 2543 408 2592 hinc
422 2552 446 2592 et
459 2542 520 2592 hinc
533 2543 614 2593 multa
627 2557 690 2594 cane

116 2647 194 2696 apros
205 2634 233 2683 iu
249 2633 373 2684 obstantis
385 2632 487 2698 plagas,
