1784 3000
116 197 167 244 25ss
402 188 581 231 SATIRARUM

116 355 191 403 illum
204 354 288 418 ipsum
302 362 429 402 mercatus
442 354 540 412 aravit,
555 352 624 400 dives
638 351 723 401 amico

116 441 246 491 Hercule!
256 443 263 462 ²
275 442 298 490 si
310 443 380 503 quod
393 442 464 491 adest
476 442 669 506 gratumiuvat,
685 441 735 493 hac
749 456 830 505 prece
837 452 882 493 teo

116 532 212 594 pingue
224 545 301 593 pecus
313 530 418 578 domino
432 530 514 579 facias
526 538 551 579 et
563 534 648 578 cetera
660 536 764 592 praeter

64 629 89 667 15
117 619 266 683 ingenium,
281 626 360 682 utque
372 618 439 667 soles
452 626 535 667 custos
546 617 611 677 mihi
625 617 756 667 maximus
768 618 854 671 adsis.

117 722 177 772 ergo
190 707 235 756 ubi
249 707 330 756 mein
343 707 438 756 montis
451 707 515 756 etin
528 721 614 755 arcem
626 720 659 755 ex
671 706 734 755 urbe
748 708 867 770 removi,

118 796 179 859 quid
193 792 262 860 priu's
274 796 408 844 inlustrem
421 794 506 843 satiris
517 808 642 856 musaque
655 794 790 856 pedestri?

118 900 165 934 nec
178 885 249 933 mala
261 899 302 933 me
316 883 423 931 ambitio
437 884 520 946 perdit
532 897 578 932 nec
592 881 729 946 plumbens
742 892 832 934 auster

119 982 309 1034 autumnusque
322 972 421 1036 gravis,
435 972 568 1020 Libitinae
581 979 701 1033 quaestus
714 972 842 1023 acerbae.

66 1070 92 1108 to
119 1063 249 1111 Matutine
262 1067 348 1125 pater,
363 1075 407 1109 seu
420 1060 483 1110 Iane
495 1060 616 1109 libentius
628 1059 718 1119 audis,

119 1151 188 1199 unde
201 1150 318 1198 homines
332 1163 439 1213 operum
451 1148 548 1212 primos
561 1147 678 1210 vitaeque
690 1147 795 1198 labores

119 1239 257 1287 instituunt
270 1236 318 1301 (sic
330 1238 369 1287 dis
381 1235 533 1301 placitum),
547 1244 575 1285 tu
589 1236 711 1286 carminis
725 1244 780 1285 esto

120 1327 290 1390 principium.
316 1326 413 1374 Rornae
426 1339 573 1388 sponsorem
586 1339 627 1374 me
640 1325 724 1388 rapis:
739 1324 812 1386 ‘eia,

120 1429 153 1463 ne
165 1415 236 1477 prior
249 1413 335 1461 officio
350 1415 486 1476 quisquam
498 1413 666 1476 respondeat,
681 1404 788 1476 urgue.²

69 1510 94 1549 tt
122 1504 174 1551 sive
187 1501 274 1564 aquilo
288 1501 354 1550 radit
367 1509 447 1550 terras
460 1517 504 1550 seu
516 1502 607 1551 bruma
619 1501 729 1550 nivalem

120 1591 243 1640 interiore
256 1591 324 1638 diem
337 1604 400 1654 gyro
414 1590 510 1651 trahit,
524 1591 561 1638 ire
574 1598 714 1639 necessest.

120 1680 273 1744 postmodo,
290 1679 358 1741 quod
373 1679 409 1726 mi
422 1678 505 1739 obsit,
521 1679 588 1726 clare
601 1686 750 1740 certumque
762 1677 851 1728 locuto

121 1768 272 1818 luctandum
285 1768 312 1816 in
326 1767 401 1816 turba
415 1773 441 1815 et
453 1765 574 1815 facienda
586 1767 683 1815 iniuria
696 1766 791 1816 tardis.

120 1853 197 1920 ‘quid
210 1858 261 1917 vis,
276 1857 377 1917 insane,
393 1861 418 1904 et
430 1869 493 1917 quas
505 1868 545 1903 res
558 1847 642 1918 agiai‘
655 1855 780 1919 inprobus
793 1862 883 1920 urguet

70 1952 95 1989 30
122 1947 194 1995 iratis
206 1945 340 2009 precibus:
356 1944 395 1991 ttn
409 1942 492 2006 pulses
506 1956 582 1992 omne
594 1943 663 2005 quod
677 1943 774 2002 obstat,

123 2034 155 2081 ad
169 2035 347 2083 Maecenatem
360 2031 469 2080 memori
482 2030 502 2079 si
515 2039 600 2080 mente
612 2046 729 2081 recurras
739 2030 756 2080 .'

123 2120 174 2168 hoc
186 2122 257 2170 iuvat
270 2129 295 2170 et
307 2120 378 2170 melli
392 2126 443 2180 est,
458 2134 511 2168 non
524 2121 647 2169 mentiar.
675 2129 702 2169 at
715 2120 792 2169 simul
806 2128 871 2169 atras

123 2216 227 2256 ventum
240 2218 278 2258 est
289 2208 432 2271 Esquilias,
449 2208 533 2256 aliena
545 2209 649 2273 negotia
662 2216 768 2257 centum

123 2310 169 2358 per
185 2305 263 2359 caput
275 2304 300 2345 et
312 2299 381 2345 circa
391 2297 485 2345 saliunt
497 2296 576 2345 latus.
603 2297 676 2345 ‘ante
689 2297 829 2346 secundam

70 2391 96 2430 tt
124 2383 231 2432 Roscius
244 2385 334 2434 orabat
347 2384 394 2432 sibi
409 2385 508 2433 adesses
521 2384 553 2433 ad
566 2385 657 2433 Puteal
671 2399 740 2434 cras.

124 2473 155 2521 de
168 2487 194 2521 re
207 2473 338 2520 communi
351 2471 449 2521 scribae
462 2487 557 2536 magna
570 2479 646 2534 atque
659 2486 727 2520 nova
741 2480 766 2521 te

121 2560 234 2610 orabant
245 2559 322 2610 hodie
336 2560 510 2622 meminisses,
524 2560 635 2620 Quinte,
651 2561 758 2611 reverti.

106 2650 240 2715 inprimet
254 2651 314 2718 his,
329 2665 413 2714 cura,
428 2650 572 2700 Maecenas
583 2646 794 2708 augustanam:
