<?xml version="1.0" encoding="UTF-8"?>
<!DOCTYPE html PUBLIC "-//W3C//DTD XHTML 1.0 Transitional//EN"
    "http://www.w3.org/TR/xhtml1/DTD/xhtml1-transitional.dtd">
<html xmlns="http://www.w3.org/1999/xhtml" xml:lang="en" lang="en">
 <head>
  <title>
</title>
<meta http-equiv="Content-Type" content="text/html;charset=utf-8" />
  <meta name='ocr-system' content='tesseract 3.04.00' />
  <meta name='ocr-capabilities' content='ocr_page ocr_carea ocr_par ocr_line ocrx_word'/>
</head>
<body>
  <div class='ocr_page' id='page_1' title='image "./qhoratiflacciop00vahlgoog_0326.png"; bbox 0 0 1770 2984; ppageno 0'>
   <div class='ocr_carea' id='block_1_1' title="bbox 312 100 803 158">
    <p class='ocr_par' dir='ltr' id='par_1_1' title="bbox 312 100 803 158">
     <span class='ocr_line' id='line_1_1' title="bbox 312 100 803 158; baseline -0.004 -10"><span class='ocrx_word' id='word_1_1' title='bbox 312 105 315 109; x_wconf 87' lang='grc'><em>·</em></span> <span class='ocrx_word' id='word_1_2' title='bbox 356 100 497 148; x_wconf 71' lang='lat' dir='ltr'>u‘rsuan.</span> <span class='ocrx_word' id='word_1_3' title='bbox 753 113 803 158; x_wconf 76' lang='lat'>317</span> 
     </span>
    </p>
   </div>
   <div class='ocr_carea' id='block_1_2' title="bbox 9 262 855 2632">
    <p class='ocr_par' dir='ltr' id='par_1_2' title="bbox 51 262 805 421">
     <span class='ocr_line' id='line_1_2' title="bbox 51 262 805 338; baseline -0.007 -16"><span class='ocrx_word' id='word_1_4' title='bbox 51 288 190 338; x_wconf 82' lang='lat' dir='ltr'>poenaque</span> <span class='ocrx_word' id='word_1_5' title='bbox 203 273 257 320; x_wconf 86' lang='lat' dir='ltr'>lata</span> <span class='ocrx_word' id='word_1_6' title='bbox 270 271 338 319; x_wconf 89' lang='lat' dir='ltr'>malo</span> <span class='ocrx_word' id='word_1_7' title='bbox 349 287 415 333; x_wconf 90' lang='lat' dir='ltr'>quae</span> <span class='ocrx_word' id='word_1_8' title='bbox 428 262 508 320; x_wconf 88' lang='lat' dir='ltr'>nollet</span> <span class='ocrx_word' id='word_1_9' title='bbox 521 271 635 319; x_wconf 81' lang='lat' dir='ltr'>carmine</span> <span class='ocrx_word' id='word_1_10' title='bbox 647 284 805 331; x_wconf 81' lang='lat' dir='ltr'>quemquam</span> 
     </span>
     <span class='ocr_line' id='line_1_3' title="bbox 53 359 680 421; baseline -0.006 -11"><span class='ocrx_word' id='word_1_11' title='bbox 53 362 178 412; x_wconf 84' lang='lat' dir='ltr'>describi.</span> <span class='ocrx_word' id='word_1_12' title='bbox 207 369 304 409; x_wconf 85' lang='lat' dir='ltr'>vortere</span> <span class='ocrx_word' id='word_1_13' title='bbox 318 361 439 421; x_wconf 89' lang='lat' dir='ltr'>modum,</span> <span class='ocrx_word' id='word_1_14' title='bbox 454 359 594 407; x_wconf 85' lang='lat' dir='ltr'>formidine</span> <span class='ocrx_word' id='word_1_15' title='bbox 608 359 680 407; x_wconf 87' lang='lat' dir='ltr'>fustis</span> 
     </span>
    </p>

    <p class='ocr_par' dir='ltr' id='par_1_3' title="bbox 11 447 774 866">
     <span class='ocr_line' id='line_1_4' title="bbox 11 447 682 510; baseline -0.009 -11"><span class='ocrx_word' id='word_1_16' title='bbox 11 459 37 499; x_wconf 75' lang='lat'>35</span> <span class='ocrx_word' id='word_1_17' title='bbox 54 451 88 499; x_wconf 88' lang='lat' dir='ltr'>ad</span> <span class='ocrx_word' id='word_1_18' title='bbox 102 451 166 499; x_wconf 88' lang='lat' dir='ltr'>bene</span> <span class='ocrx_word' id='word_1_19' title='bbox 178 450 317 498; x_wconf 90' lang='lat' dir='ltr'>dicendum</span> <span class='ocrx_word' id='word_1_20' title='bbox 330 449 559 510; x_wconf 81' lang='lat' dir='ltr'>delectandumque</span> <span class='ocrx_word' id='word_1_21' title='bbox 572 447 682 496; x_wconf 87' lang='lat' dir='ltr'>redacti.</span> 
     </span>
     <span class='ocr_line' id='line_1_5' title="bbox 53 535 681 602; baseline -0.011 -13"><span class='ocrx_word' id='word_1_22' title='bbox 53 538 166 589; x_wconf 80' lang='lat' dir='ltr'>Graecia</span> <span class='ocrx_word' id='word_1_23' title='bbox 179 546 255 602; x_wconf 89' lang='lat' dir='ltr'>capta</span> <span class='ocrx_word' id='word_1_24' title='bbox 267 537 352 587; x_wconf 86' lang='lat' dir='ltr'>ferum</span> <span class='ocrx_word' id='word_1_25' title='bbox 364 537 489 586; x_wconf 86' lang='lat' dir='ltr'>victorem</span> <span class='ocrx_word' id='word_1_26' title='bbox 501 536 571 598; x_wconf 81' lang='lat' dir='ltr'>cepit</span> <span class='ocrx_word' id='word_1_27' title='bbox 583 544 608 583; x_wconf 91' lang='lat' dir='ltr'>et</span> <span class='ocrx_word' id='word_1_28' title='bbox 621 535 681 584; x_wconf 88' lang='lat' dir='ltr'>artis</span> 
     </span>
     <span class='ocr_line' id='line_1_6' title="bbox 53 623 604 691; baseline -0.007 -15"><span class='ocrx_word' id='word_1_29' title='bbox 53 626 143 676; x_wconf 89' lang='lat' dir='ltr'>intulit</span> <span class='ocrx_word' id='word_1_30' title='bbox 157 627 250 691; x_wconf 83' lang='lat' dir='ltr'>agresti</span> <span class='ocrx_word' id='word_1_31' title='bbox 262 626 355 677; x_wconf 85' lang='lat' dir='ltr'>Latio.</span> <span class='ocrx_word' id='word_1_32' title='bbox 382 626 418 674; x_wconf 92' lang='lat' dir='ltr'>sic</span> <span class='ocrx_word' id='word_1_33' title='bbox 430 624 549 672; x_wconf 88' lang='lat' dir='ltr'>horridus</span> <span class='ocrx_word' id='word_1_34' title='bbox 562 623 604 672; x_wconf 92' lang='lat' dir='ltr'>ille</span> 
     </span>
     <span class='ocr_line' id='line_1_7' title="bbox 54 711 651 777; baseline -0.007 -14"><span class='ocrx_word' id='word_1_35' title='bbox 54 715 164 764; x_wconf 86' lang='lat' dir='ltr'>defluxit</span> <span class='ocrx_word' id='word_1_36' title='bbox 176 729 296 764; x_wconf 88' lang='lat' dir='ltr'>numems</span> <span class='ocrx_word' id='word_1_37' title='bbox 309 713 444 765; x_wconf 86' lang='lat' dir='ltr'>Saturnius</span> <span class='ocrx_word' id='word_1_38' title='bbox 458 719 482 760; x_wconf 90' lang='lat' dir='ltr'>et</span> <span class='ocrx_word' id='word_1_39' title='bbox 495 725 571 777; x_wconf 85' lang='lat' dir='ltr'>grave</span> <span class='ocrx_word' id='word_1_40' title='bbox 583 711 651 759; x_wconf 78' lang='lat' dir='ltr'>virus</span> 
     </span>
     <span class='ocr_line' id='line_1_8' title="bbox 54 801 774 866; baseline -0.008 -13"><span class='ocrx_word' id='word_1_41' title='bbox 54 803 199 853; x_wconf 75' lang='lat' dir='ltr'>munditiae</span> <span class='ocrx_word' id='word_1_42' title='bbox 211 804 346 866; x_wconf 86' lang='lat' dir='ltr'>pepulere:</span> <span class='ocrx_word' id='word_1_43' title='bbox 368 802 411 851; x_wconf 91' lang='lat' dir='ltr'>sed</span> <span class='ocrx_word' id='word_1_44' title='bbox 424 802 451 850; x_wconf 89' lang='lat' dir='ltr'>in</span> <span class='ocrx_word' id='word_1_45' title='bbox 464 801 572 865; x_wconf 82' lang='lat' dir='ltr'>longum</span> <span class='ocrx_word' id='word_1_46' title='bbox 584 809 672 849; x_wconf 89' lang='lat' dir='ltr'>tamen</span> <span class='ocrx_word' id='word_1_47' title='bbox 685 815 774 849; x_wconf 80' lang='lat' dir='ltr'>aerum</span> 
     </span>
    </p>

    <p class='ocr_par' dir='ltr' id='par_1_4' title="bbox 12 889 829 1308">
     <span class='ocr_line' id='line_1_9' title="bbox 12 889 675 954; baseline -0.008 -11"><span class='ocrx_word' id='word_1_48' title='bbox 12 904 40 943; x_wconf 79' lang='lat' dir='ltr'>aa</span> <span class='ocrx_word' id='word_1_49' title='bbox 56 900 208 941; x_wconf 86' lang='lat' dir='ltr'>manserunt</span> <span class='ocrx_word' id='word_1_50' title='bbox 220 892 347 954; x_wconf 89' lang='lat' dir='ltr'>hodieque</span> <span class='ocrx_word' id='word_1_51' title='bbox 361 898 467 940; x_wconf 86' lang='lat' dir='ltr'>manent</span> <span class='ocrx_word' id='word_1_52' title='bbox 478 889 585 953; x_wconf 83' lang='lat' dir='ltr'>vestigia</span> <span class='ocrx_word' id='word_1_53' title='bbox 597 891 675 938; x_wconf 88' lang='lat' dir='ltr'>ruris.</span> 
     </span>
     <span class='ocr_line' id='line_1_10' title="bbox 56 977 702 1030; baseline -0.008 0"><span class='ocrx_word' id='word_1_54' title='bbox 56 995 128 1030; x_wconf 88' lang='lat' dir='ltr'>serus</span> <span class='ocrx_word' id='word_1_55' title='bbox 143 981 213 1030; x_wconf 87' lang='lat' dir='ltr'>enim</span> <span class='ocrx_word' id='word_1_56' title='bbox 227 979 333 1030; x_wconf 87' lang='lat' dir='ltr'>Graecis</span> <span class='ocrx_word' id='word_1_57' title='bbox 346 980 462 1029; x_wconf 83' lang='lat' dir='ltr'>admovit</span> <span class='ocrx_word' id='word_1_58' title='bbox 473 979 595 1028; x_wconf 86' lang='lat' dir='ltr'>acumina</span> <span class='ocrx_word' id='word_1_59' title='bbox 607 977 702 1026; x_wconf 87' lang='lat' dir='ltr'>chartis</span> 
     </span>
     <span class='ocr_line' id='line_1_11' title="bbox 56 1067 694 1131; baseline -0.005 -14"><span class='ocrx_word' id='word_1_60' title='bbox 56 1076 83 1117; x_wconf 86' lang='lat' dir='ltr'>et</span> <span class='ocrx_word' id='word_1_61' title='bbox 95 1078 155 1131; x_wconf 87' lang='lat' dir='ltr'>post</span> <span class='ocrx_word' id='word_1_62' title='bbox 166 1067 267 1117; x_wconf 87' lang='lat' dir='ltr'>Punica</span> <span class='ocrx_word' id='word_1_63' title='bbox 280 1068 347 1117; x_wconf 88' lang='lat' dir='ltr'>bella</span> <span class='ocrx_word' id='word_1_64' title='bbox 360 1069 461 1131; x_wconf 89' lang='lat' dir='ltr'>quietus</span> <span class='ocrx_word' id='word_1_65' title='bbox 475 1082 596 1130; x_wconf 79' lang='lat' dir='ltr'>quaerere</span> <span class='ocrx_word' id='word_1_66' title='bbox 609 1068 694 1129; x_wconf 89' lang='lat' dir='ltr'>coepit</span> 
     </span>
     <span class='ocr_line' id='line_1_12' title="bbox 59 1154 829 1220; baseline -0.004 -15"><span class='ocrx_word' id='word_1_67' title='bbox 59 1156 122 1219; x_wconf 84' lang='lat' dir='ltr'>quid</span> <span class='ocrx_word' id='word_1_68' title='bbox 135 1154 276 1220; x_wconf 86' lang='lat' dir='ltr'>Sophocles</span> <span class='ocrx_word' id='word_1_69' title='bbox 289 1165 315 1206; x_wconf 91' lang='lat' dir='ltr'>et</span> <span class='ocrx_word' id='word_1_70' title='bbox 327 1156 436 1219; x_wconf 86' lang='lat' dir='ltr'>Thespis</span> <span class='ocrx_word' id='word_1_71' title='bbox 449 1164 474 1204; x_wconf 91' lang='lat' dir='ltr'>et</span> <span class='ocrx_word' id='word_1_72' title='bbox 487 1155 629 1220; x_wconf 79' lang='lat' dir='ltr'>Aeschylus</span> <span class='ocrx_word' id='word_1_73' title='bbox 642 1155 704 1204; x_wconf 86' lang='lat' dir='ltr'>utile</span> <span class='ocrx_word' id='word_1_74' title='bbox 718 1154 829 1202; x_wconf 81' lang='lat' dir='ltr'>ferrent.</span> 
     </span>
     <span class='ocr_line' id='line_1_13' title="bbox 58 1245 744 1308; baseline -0.001 -15"><span class='ocrx_word' id='word_1_75' title='bbox 58 1245 195 1308; x_wconf 86' lang='lat' dir='ltr'>temptavit</span> <span class='ocrx_word' id='word_1_76' title='bbox 208 1260 311 1308; x_wconf 88' lang='lat' dir='ltr'>quoque</span> <span class='ocrx_word' id='word_1_77' title='bbox 323 1260 393 1304; x_wconf 84' lang='lat' dir='ltr'>rem,</span> <span class='ocrx_word' id='word_1_78' title='bbox 409 1245 430 1292; x_wconf 90' lang='lat' dir='ltr'>si</span> <span class='ocrx_word' id='word_1_79' title='bbox 443 1245 521 1308; x_wconf 83' lang='lat' dir='ltr'>digne</span> <span class='ocrx_word' id='word_1_80' title='bbox 533 1252 629 1293; x_wconf 89' lang='lat' dir='ltr'>vertere</span> <span class='ocrx_word' id='word_1_81' title='bbox 642 1254 744 1306; x_wconf 89' lang='lat' dir='ltr'>posset,</span> 
     </span>
    </p>

    <p class='ocr_par' dir='ltr' id='par_1_5' title="bbox 10 1333 709 1747">
     <span class='ocr_line' id='line_1_14' title="bbox 10 1333 619 1396; baseline -0.003 -14"><span class='ocrx_word' id='word_1_82' title='bbox 10 1343 47 1382; x_wconf 79' lang='lat' dir='ltr'>rat</span> <span class='ocrx_word' id='word_1_83' title='bbox 63 1342 88 1382; x_wconf 86' lang='lat' dir='ltr'>ct</span> <span class='ocrx_word' id='word_1_84' title='bbox 101 1333 201 1396; x_wconf 81' lang='lat' dir='ltr'>placuit</span> <span class='ocrx_word' id='word_1_85' title='bbox 212 1335 261 1383; x_wconf 88' lang='lat' dir='ltr'>sibi</span> <span class='ocrx_word' id='word_1_86' title='bbox 274 1343 366 1384; x_wconf 84' lang='lat' dir='ltr'>natura</span> <span class='ocrx_word' id='word_1_87' title='bbox 379 1334 497 1382; x_wconf 91' lang='lat' dir='ltr'>sublimis</span> <span class='ocrx_word' id='word_1_88' title='bbox 510 1340 534 1381; x_wconf 90' lang='lat' dir='ltr'>ct</span> <span class='ocrx_word' id='word_1_89' title='bbox 547 1347 619 1380; x_wconf 91' lang='lat' dir='ltr'>acer:</span> 
     </span>
     <span class='ocr_line' id='line_1_15' title="bbox 58 1420 689 1487; baseline 0 -17"><span class='ocrx_word' id='word_1_90' title='bbox 58 1436 121 1470; x_wconf 90' lang='lat' dir='ltr'>nam</span> <span class='ocrx_word' id='word_1_91' title='bbox 134 1421 214 1485; x_wconf 85' lang='lat' dir='ltr'>spirat</span> <span class='ocrx_word' id='word_1_92' title='bbox 226 1423 352 1487; x_wconf 84' lang='lat' dir='ltr'>tragicum</span> <span class='ocrx_word' id='word_1_93' title='bbox 365 1423 425 1471; x_wconf 87' lang='lat' dir='ltr'>satis</span> <span class='ocrx_word' id='word_1_94' title='bbox 438 1429 463 1470; x_wconf 89' lang='lat' dir='ltr'>et</span> <span class='ocrx_word' id='word_1_95' title='bbox 476 1420 584 1471; x_wconf 80' lang='lat' dir='ltr'>feliciter</span> <span class='ocrx_word' id='word_1_96' title='bbox 597 1421 689 1479; x_wconf 90' lang='lat' dir='ltr'>audet,</span> 
     </span>
     <span class='ocr_line' id='line_1_16' title="bbox 59 1510 698 1581; baseline -0.002 -23"><span class='ocrx_word' id='word_1_97' title='bbox 59 1511 104 1559; x_wconf 88' lang='lat' dir='ltr'>sed</span> <span class='ocrx_word' id='word_1_98' title='bbox 118 1517 220 1574; x_wconf 90' lang='lat' dir='ltr'>turpem</span> <span class='ocrx_word' id='word_1_99' title='bbox 233 1519 307 1573; x_wconf 90' lang='lat' dir='ltr'>putat</span> <span class='ocrx_word' id='word_1_100' title='bbox 319 1511 410 1581; x_wconf 83' lang='lat' dir='ltr'>inscite</span> <span class='ocrx_word' id='word_1_101' title='bbox 424 1510 567 1572; x_wconf 89' lang='lat' dir='ltr'>metuitque</span> <span class='ocrx_word' id='word_1_102' title='bbox 580 1510 698 1560; x_wconf 88' lang='lat' dir='ltr'>lituram.</span> 
     </span>
     <span class='ocr_line' id='line_1_17' title="bbox 60 1596 708 1662; baseline -0.005 -16"><span class='ocrx_word' id='word_1_103' title='bbox 60 1597 190 1658; x_wconf 89' lang='lat' dir='ltr'>creditur,</span> <span class='ocrx_word' id='word_1_104' title='bbox 206 1612 239 1647; x_wconf 89' lang='lat' dir='ltr'>ex</span> <span class='ocrx_word' id='word_1_105' title='bbox 251 1599 337 1648; x_wconf 92' lang='lat' dir='ltr'>medio</span> <span class='ocrx_word' id='word_1_106' title='bbox 350 1600 413 1662; x_wconf 87' lang='lat' dir='ltr'>quia</span> <span class='ocrx_word' id='word_1_107' title='bbox 425 1613 464 1647; x_wconf 91' lang='lat' dir='ltr'>res</span> <span class='ocrx_word' id='word_1_108' title='bbox 477 1598 599 1656; x_wconf 80' lang='lat' dir='ltr'>arcessit,</span> <span class='ocrx_word' id='word_1_109' title='bbox 613 1596 708 1644; x_wconf 84' lang='lat' dir='ltr'>habere</span> 
     </span>
     <span class='ocr_line' id='line_1_18' title="bbox 59 1685 709 1747; baseline -0.006 -12"><span class='ocrx_word' id='word_1_110' title='bbox 59 1685 160 1735; x_wconf 88' lang='lat' dir='ltr'>sudoris</span> <span class='ocrx_word' id='word_1_111' title='bbox 173 1686 328 1747; x_wconf 87' lang='lat' dir='ltr'>minimum,</span> <span class='ocrx_word' id='word_1_112' title='bbox 342 1689 386 1736; x_wconf 85' lang='lat' dir='ltr'>sed</span> <span class='ocrx_word' id='word_1_113' title='bbox 398 1686 476 1736; x_wconf 90' lang='lat' dir='ltr'>hahet</span> <span class='ocrx_word' id='word_1_114' title='bbox 489 1685 624 1734; x_wconf 85' lang='lat' dir='ltr'>comoedia</span> <span class='ocrx_word' id='word_1_115' title='bbox 637 1693 709 1733; x_wconf 89' lang='lat' dir='ltr'>tanto</span> 
     </span>
    </p>

    <p class='ocr_par' dir='ltr' id='par_1_6' title="bbox 9 1772 788 2191">
     <span class='ocr_line' id='line_1_19' title="bbox 9 1772 788 1838; baseline -0.005 -15"><span class='ocrx_word' id='word_1_116' title='bbox 9 1784 47 1823; x_wconf 77' lang='lat' dir='ltr'>lto</span> <span class='ocrx_word' id='word_1_117' title='bbox 62 1773 121 1837; x_wconf 92' lang='lat' dir='ltr'>plus</span> <span class='ocrx_word' id='word_1_118' title='bbox 134 1776 219 1824; x_wconf 88' lang='lat' dir='ltr'>oneris</span> <span class='ocrx_word' id='word_1_119' title='bbox 231 1783 329 1838; x_wconf 90' lang='lat' dir='ltr'>quanto</span> <span class='ocrx_word' id='word_1_120' title='bbox 341 1775 431 1824; x_wconf 89' lang='lat' dir='ltr'>veniae</span> <span class='ocrx_word' id='word_1_121' title='bbox 444 1775 540 1823; x_wconf 89' lang='lat' dir='ltr'>minus.</span> <span class='ocrx_word' id='word_1_122' title='bbox 566 1773 668 1835; x_wconf 89' lang='lat' dir='ltr'>adspice</span> <span class='ocrx_word' id='word_1_123' title='bbox 681 1772 788 1820; x_wconf 88' lang='lat' dir='ltr'>Plautus</span> 
     </span>
     <span class='ocr_line' id='line_1_20' title="bbox 62 1860 654 1926; baseline -0.002 -17"><span class='ocrx_word' id='word_1_124' title='bbox 62 1875 115 1924; x_wconf 90' lang='lat' dir='ltr'>quo</span> <span class='ocrx_word' id='word_1_125' title='bbox 127 1871 204 1926; x_wconf 89' lang='lat' dir='ltr'>pacto</span> <span class='ocrx_word' id='word_1_126' title='bbox 218 1865 298 1926; x_wconf 90' lang='lat' dir='ltr'>partis</span> <span class='ocrx_word' id='word_1_127' title='bbox 310 1871 408 1913; x_wconf 86' lang='lat' dir='ltr'>tutetur</span> <span class='ocrx_word' id='word_1_128' title='bbox 420 1862 532 1911; x_wconf 87' lang='lat' dir='ltr'>amantis</span> <span class='ocrx_word' id='word_1_129' title='bbox 545 1860 654 1925; x_wconf 87' lang='lat' dir='ltr'>ephebi,</span> 
     </span>
     <span class='ocr_line' id='line_1_21' title="bbox 61 1950 604 2013; baseline 0 -16"><span class='ocrx_word' id='word_1_130' title='bbox 61 1957 90 1998; x_wconf 91' lang='lat' dir='ltr'>ut</span> <span class='ocrx_word' id='word_1_131' title='bbox 102 1951 181 2013; x_wconf 88' lang='lat' dir='ltr'>patris</span> <span class='ocrx_word' id='word_1_132' title='bbox 194 1953 301 2013; x_wconf 88' lang='lat' dir='ltr'>attenti,</span> <span class='ocrx_word' id='word_1_133' title='bbox 317 1952 417 2001; x_wconf 88' lang='lat' dir='ltr'>lenonis</span> <span class='ocrx_word' id='word_1_134' title='bbox 429 1958 459 1999; x_wconf 91' lang='lat' dir='ltr'>ut</span> <span class='ocrx_word' id='word_1_135' title='bbox 471 1950 604 2008; x_wconf 87' lang='lat' dir='ltr'>insidiosi,</span> 
     </span>
     <span class='ocr_line' id='line_1_22' title="bbox 62 2038 707 2100; baseline 0 -15"><span class='ocrx_word' id='word_1_136' title='bbox 62 2047 175 2099; x_wconf 88' lang='lat' dir='ltr'>quantus</span> <span class='ocrx_word' id='word_1_137' title='bbox 187 2040 220 2089; x_wconf 89' lang='lat' dir='ltr'>sit</span> <span class='ocrx_word' id='word_1_138' title='bbox 233 2039 382 2089; x_wconf 87' lang='lat' dir='ltr'>Dossennus</span> <span class='ocrx_word' id='word_1_139' title='bbox 395 2039 518 2088; x_wconf 86' lang='lat' dir='ltr'>edacibus</span> <span class='ocrx_word' id='word_1_140' title='bbox 530 2039 558 2086; x_wconf 92' lang='lat' dir='ltr'>iu</span> <span class='ocrx_word' id='word_1_141' title='bbox 572 2038 707 2100; x_wconf 88' lang='lat' dir='ltr'>parasitis,</span> 
     </span>
     <span class='ocr_line' id='line_1_23' title="bbox 64 2125 709 2191; baseline 0.003 -18"><span class='ocrx_word' id='word_1_142' title='bbox 64 2139 143 2186; x_wconf 92' lang='lat' dir='ltr'>quam</span> <span class='ocrx_word' id='word_1_143' title='bbox 156 2142 210 2177; x_wconf 87' lang='lat' dir='ltr'>non</span> <span class='ocrx_word' id='word_1_144' title='bbox 222 2129 345 2178; x_wconf 88' lang='lat' dir='ltr'>adstricto</span> <span class='ocrx_word' id='word_1_145' title='bbox 359 2135 491 2191; x_wconf 87' lang='lat' dir='ltr'>percurrat</span> <span class='ocrx_word' id='word_1_146' title='bbox 503 2125 605 2190; x_wconf 88' lang='lat' dir='ltr'>pulpita</span> <span class='ocrx_word' id='word_1_147' title='bbox 616 2140 709 2175; x_wconf 83' lang='lat' dir='ltr'>socco.</span> 
     </span>
    </p>

    <p class='ocr_par' dir='ltr' id='par_1_7' title="bbox 9 2214 855 2632">
     <span class='ocr_line' id='line_1_24' title="bbox 9 2214 812 2285; baseline -0.006 -19"><span class='ocrx_word' id='word_1_148' title='bbox 9 2225 47 2266; x_wconf 76' lang='lat' dir='ltr'>rra</span> <span class='ocrx_word' id='word_1_149' title='bbox 63 2218 138 2285; x_wconf 80' lang='lat' dir='ltr'>gestit</span> <span class='ocrx_word' id='word_1_150' title='bbox 149 2217 219 2267; x_wconf 88' lang='lat' dir='ltr'>euim</span> <span class='ocrx_word' id='word_1_151' title='bbox 231 2231 367 2266; x_wconf 88' lang='lat' dir='ltr'>nummum</span> <span class='ocrx_word' id='word_1_152' title='bbox 379 2217 407 2264; x_wconf 91' lang='lat' dir='ltr'>in</span> <span class='ocrx_word' id='word_1_153' title='bbox 417 2214 517 2264; x_wconf 88' lang='lat' dir='ltr'>loculos</span> <span class='ocrx_word' id='word_1_154' title='bbox 530 2215 676 2274; x_wconf 83' lang='lat' dir='ltr'>demittere,</span> <span class='ocrx_word' id='word_1_155' title='bbox 691 2222 750 2278; x_wconf 89' lang='lat' dir='ltr'>post</span> <span class='ocrx_word' id='word_1_156' title='bbox 762 2215 812 2262; x_wconf 90' lang='lat' dir='ltr'>hoc</span> 
     </span>
     <span class='ocr_line' id='line_1_25' title="bbox 62 2303 628 2356; baseline -0.007 0"><span class='ocrx_word' id='word_1_157' title='bbox 62 2321 166 2356; x_wconf 90' lang='lat' dir='ltr'>securus</span> <span class='ocrx_word' id='word_1_158' title='bbox 178 2304 254 2354; x_wconf 88' lang='lat' dir='ltr'>cadat</span> <span class='ocrx_word' id='word_1_159' title='bbox 266 2320 300 2353; x_wconf 88' lang='lat' dir='ltr'>an</span> <span class='ocrx_word' id='word_1_160' title='bbox 312 2313 382 2354; x_wconf 90' lang='lat' dir='ltr'>recto</span> <span class='ocrx_word' id='word_1_161' title='bbox 396 2312 443 2354; x_wconf 88' lang='lat' dir='ltr'>stet</span> <span class='ocrx_word' id='word_1_162' title='bbox 455 2303 545 2352; x_wconf 87' lang='lat' dir='ltr'>fabula</span> <span class='ocrx_word' id='word_1_163' title='bbox 559 2303 628 2352; x_wconf 91' lang='lat' dir='ltr'>talo.</span> 
     </span>
     <span class='ocr_line' id='line_1_26' title="bbox 64 2391 710 2458; baseline -0.008 -15"><span class='ocrx_word' id='word_1_164' title='bbox 64 2408 141 2458; x_wconf 90' lang='lat' dir='ltr'>quem</span> <span class='ocrx_word' id='word_1_165' title='bbox 153 2394 213 2444; x_wconf 88' lang='lat' dir='ltr'>tulit</span> <span class='ocrx_word' id='word_1_166' title='bbox 225 2393 258 2442; x_wconf 90' lang='lat' dir='ltr'>ad</span> <span class='ocrx_word' id='word_1_167' title='bbox 270 2408 391 2442; x_wconf 87' lang='lat' dir='ltr'>scaenam</span> <span class='ocrx_word' id='word_1_168' title='bbox 403 2400 510 2442; x_wconf 83' lang='lat' dir='ltr'>ventoso</span> <span class='ocrx_word' id='word_1_169' title='bbox 524 2391 606 2456; x_wconf 84' lang='lat' dir='ltr'>gloria</span> <span class='ocrx_word' id='word_1_170' title='bbox 619 2406 710 2448; x_wconf 89' lang='lat' dir='ltr'>curru,</span> 
     </span>
     <span class='ocr_line' id='line_1_27' title="bbox 64 2479 663 2545; baseline -0.01 -12"><span class='ocrx_word' id='word_1_171' title='bbox 64 2483 196 2533; x_wconf 86' lang='lat' dir='ltr'>exanimat</span> <span class='ocrx_word' id='word_1_172' title='bbox 208 2483 292 2531; x_wconf 86' lang='lat' dir='ltr'>lentus</span> <span class='ocrx_word' id='word_1_173' title='bbox 304 2488 445 2545; x_wconf 88' lang='lat' dir='ltr'>spectator,</span> <span class='ocrx_word' id='word_1_174' title='bbox 460 2479 563 2530; x_wconf 85' lang='lat' dir='ltr'>sedulus</span> <span class='ocrx_word' id='word_1_175' title='bbox 576 2479 663 2528; x_wconf 84' lang='lat' dir='ltr'>inflat:</span> 
     </span>
     <span class='ocr_line' id='line_1_28' title="bbox 63 2566 855 2632; baseline -0.016 -12"><span class='ocrx_word' id='word_1_176' title='bbox 63 2570 101 2620; x_wconf 93' lang='lat' dir='ltr'>sic</span> <span class='ocrx_word' id='word_1_177' title='bbox 113 2569 183 2631; x_wconf 84' lang='lat' dir='ltr'>leve,</span> <span class='ocrx_word' id='word_1_178' title='bbox 199 2569 235 2620; x_wconf 92' lang='lat' dir='ltr'>sic</span> <span class='ocrx_word' id='word_1_179' title='bbox 247 2584 356 2632; x_wconf 87' lang='lat' dir='ltr'>parvum</span> <span class='ocrx_word' id='word_1_180' title='bbox 368 2576 420 2630; x_wconf 87' lang='lat' dir='ltr'>est,</span> <span class='ocrx_word' id='word_1_181' title='bbox 435 2569 553 2618; x_wconf 88' lang='lat' dir='ltr'>animum</span> <span class='ocrx_word' id='word_1_182' title='bbox 565 2567 636 2630; x_wconf 81' lang='lat' dir='ltr'>quod</span> <span class='ocrx_word' id='word_1_183' title='bbox 646 2566 733 2614; x_wconf 80' lang='lat' dir='ltr'>laudis</span> <span class='ocrx_word' id='word_1_184' title='bbox 744 2579 855 2611; x_wconf 69' lang='lat' dir='ltr'>ararum</span> 
     </span>
    </p>
   </div>
   <div class='ocr_carea' id='block_1_3' title="bbox 0 0 920 2984">
    <p class='ocr_par' dir='ltr' id='par_1_8' title="bbox 0 0 920 2984">
     <span class='ocr_line' id='line_1_29' title="bbox 0 0 920 2984; baseline 0 0"><span class='ocrx_word' id='word_1_185' title='bbox 0 0 920 2984; x_wconf 95' lang='lat' dir='ltr'> </span> 
     </span>
    </p>
   </div>
  </div>
 </body>
</html>
