1770 2984
110 180 162 227 244
397 170 578 214 00000000

60 346 98 384 030
113 352 202 387 cenem
215 351 274 401 ego.
304 345 331 384 tu
344 337 422 400 piscis
436 337 542 386 hiberno
556 351 590 386 ex
602 352 725 401 aequore
740 341 837 389 verris.

114 427 195 490 segnis
209 440 271 490 ego,
286 425 409 489 indignus
423 427 468 488 qui
481 432 583 474 tantum
592 426 766 488 possideam.
794 428 870 478 aufer.

115 529 186 562 sume
200 513 247 563 tibi
264 514 382 566 deciens.
410 514 458 563 tibi
470 514 640 563 tantundem.
668 514 722 564 tibi
736 516 851 580 triplex,

117 603 183 650 unda
197 617 264 649 uxor
277 603 362 651 media
375 602 455 651 currit
468 603 499 651 de
511 609 587 651 nocte
600 610 697 653 vocata
706 595 725 656 .'

118 692 184 739 111100
198 691 295 754 Aesopi
310 691 451 740 detractam
464 705 496 740 ex
509 705 571 739 aure
584 691 728 752 Metellae,

65 786 105 824 040
119 781 216 829 scilicet
231 789 258 828 ut
271 780 373 828 deciens
386 779 497 827 solidum
510 778 670 839 absorberet,
688 789 769 831 aceto

118 869 193 916 diluit
206 868 332 932 insignem
345 869 452 917 bacam:
475 868 520 929 qui
532 868 620 916 sanior
634 883 664 916 ac
677 868 701 916 01

118 956 182 1005 illud
195 956 264 1004 idem
277 957 302 1003 in
318 956 438 1019 rapidum
452 956 546 1004 flumen
560 955 688 1006 iaceretve
703 957 850 1008 cloacam?

120 1044 211 1105 Quinti
224 1045 358 1109 progenies
371 1045 445 1104 Arri,
460 1043 606 1107 pernobile
619 1043 751 1106 fratrum,

119 1135 235 1196 nequitia
247 1142 272 1182 et
285 1133 374 1198 nugis,
390 1148 527 1196 pravorum
540 1139 564 1181 et
577 1146 666 1180 amore
679 1133 847 1196 gemellum,

66 1229 105 1268 040
120 1223 241 1271 1000101οε
256 1222 325 1271 soliti
338 1222 446 1284 inpenso
459 1222 584 1285 prandere
597 1230 748 1284 coemptas:

121 1326 242 1370 quorsum
256 1309 369 1359 abeant?
388 1311 462 1358 00010
476 1317 561 1368 creta,
576 1324 610 1358 00
624 1307 741 1360 carbone
754 1312 863 1361 notati?

122 1399 257 1446 aedificare
271 1414 355 1458 casas,
370 1398 489 1462 plostello
503 1397 642 1461 adiungere
655 1399 754 1458 muris,

120 1487 208 1535 ludere
223 1502 268 1550 par
282 1489 374 1550 inpar,
390 1488 505 1548 equitare
518 1487 545 1534 10
558 1486 684 1534 arundine
699 1485 786 1553 longa

122 1575 222 1636 siquem
236 1575 344 1624 delectet
357 1576 509 1634 barbatum,
525 1575 638 1623 amentia
651 1584 754 1627 verset.

69 1670 107 1708 000
122 1665 142 1711 01
156 1664 278 1726 puerilius
292 1664 332 1712 his
345 1665 411 1713 ratio
424 1679 477 1714 0000
490 1663 588 1712 evincet
602 1676 707 1723 amare,

122 1769 168 1802 nec
184 1754 324 1815 ‹piisquam
337 1753 439 1801 differre
451 1761 571 1800 utrumne
584 1751 612 1798 in
625 1751 747 1813 pulvere,
765 1755 859 1803 trimus

124 1843 199 1905 00010
213 1843 298 1906 prius,
314 1840 387 1888 ludas
400 1855 465 1904 opus
477 1856 511 1888 00
524 1839 664 1888 meretricis
676 1854 771 1890 amore

124 1933 246 1980 sollicitus
259 1931 360 1994 plores,
376 1944 485 1991 quaero,
503 1929 617 1977 faciasne
630 1928 701 1989 quod
716 1928 786 1978 olim

125 2030 237 2068 mutatus
250 2018 378 2068 Polemo?
398 2033 480 2080 ponas
492 2016 603 2080 insignia
617 2014 719 2077 morbi,

73 2114 111 2151 000
127 2109 261 2167 fasciolas,
278 2106 390 2166 cubital‚
406 2105 518 2165 focalia,
534 2112 608 2168 potus
621 2112 650 2153 ut
662 2105 707 2153 ille

126 2196 219 2242 dicitur
232 2210 264 2243 eu
279 2196 347 2243 collo
359 2195 450 2244 furtim
463 2195 585 2257 carpsisse
599 2207 725 2254 coronas,

126 2292 262 2345 postquam
276 2292 311 2331 est
325 2284 440 2346 inpransi
454 2290 584 2346 correptus
596 2296 658 2331 voce
672 2283 820 2345 magistri?

126 2370 238 2432 porrigis
250 2371 317 2418 irato
332 2386 412 2433 puero
427 2387 486 2420 cum
500 2385 593 2433 poma,
609 2380 728 2422 recusat.

124 2449 225 2515 ‘stunc,
242 2452 348 2506 catello.³
377 2467 466 2523 negat.
493 2460 514 2506 si
527 2473 579 2507 non
592 2457 649 2519 (100,
665 2466 751 2521 optet.
780 2472 872 2513 amato

76 2554 113 2591 000
129 2546 246 2594 exclusus
260 2547 304 2607 qai
318 2546 408 2604 distat,
425 2548 478 2610 agit
491 2548 536 2595 ubi
548 2561 650 2608 seeum,
665 2556 706 2595 eat
721 2562 755 2596 00
770 2565 843 2614 000,

129 2649 181 2697 pao
195 2635 321 2683 rediturus
335 2643 388 2683 erat
401 2650 454 2683 000
467 2636 616 2694 arcessitus,
632 2642 657 2682 00
670 2634 763 2686 haeret
