1770 2984
25 180 31 187 ’
92 184 143 232 210
377 173 555 217 samasaun

92 343 136 402 qui
149 346 233 402 stupet
246 339 273 387 iu
286 337 368 387 titulis
380 346 405 386 et
417 338 590 402 imaginibus.
616 339 681 400 quid
696 346 810 402 oportet

92 443 139 477 nos
153 429 238 476 facere
251 441 266 474 a
279 426 355 488 volgo
368 426 445 489 longe
458 427 586 488 longeque
599 428 737 476 remotos?

92 530 203 576 namque
217 523 280 573 esto,
296 513 407 576 populus
418 513 534 563 Laevino
548 513 637 562 mallet
650 514 788 564 honorem

93 619 170 666 quam
184 603 266 651 Decio
280 602 404 650 mandare
417 616 500 662 novo,
515 615 657 664 censorque
670 613 797 653 moveret

92 693 206 754 Appius,
221 692 335 752 ingenuo
348 690 369 738 si
382 703 436 737 non
449 704 530 739 essem
542 696 615 754 patre
627 698 724 740 natus:

92 782 131 828 vel
144 780 252 839 merito,
267 779 392 841 quoniam
403 779 432 827 in
444 779 550 841 propria
562 791 616 827 non
628 778 698 841 pelle
711 780 857 841 quiessem.

93 870 136 918 sed
150 868 265 930 fulgente
277 867 356 915 trahit
369 867 520 916 constrictos
531 866 616 930 gloria
629 880 709 915 curru

92 972 145 1006 non
158 958 243 1004 minus
256 956 359 1018 ignotos
372 955 517 1016 generosis.
546 967 597 1016 quo
610 953 675 1015 tibi,
691 954 779 1019 Tilli‚

40 1056 65 1093 aa
93 1059 192 1094 sumere
205 1043 350 1106 depositum
363 1043 464 1091 clavum
477 1042 582 1104 fierique
594 1042 721 1091 tribuno?

92 1135 191 1182 invidia
204 1131 332 1191 adcrevit,
347 1131 447 1194 privato
460 1145 527 1193 quae
539 1131 624 1178 minor
637 1137 718 1178 esset.

94 1238 154 1269 narn
168 1232 196 1269 ut
208 1221 315 1283 quisque
328 1219 433 1268 insanus
444 1219 526 1281 nigris
537 1218 651 1266 medium
663 1217 784 1281 inpediit
798 1236 860 1272 crus

94 1310 205 1373 pellibus
219 1318 242 1357 et
256 1308 337 1356 latum
351 1308 452 1357 demisit
464 1314 568 1370 pectore
581 1306 701 1367 clavum,

94 1399 166 1446 audit
179 1398 301 1446 continuo
309 1396 375 1458 ‘quis
388 1395 468 1443 homo
481 1395 524 1443 hic
537 1401 582 1443 aut
594 1407 646 1456 quo
659 1401 737 1457 patre
750 1397 853 1448 uatus?

42 1497 67 1535 ao
95 1496 123 1533 ut
136 1484 202 1546 siqui
217 1492 331 1546 aegrotet
345 1498 396 1546 quo
409 1484 501 1533 morbo
513 1484 623 1543 Barrus,
639 1481 733 1532 haberi

95 1582 123 1621 ut
135 1573 223 1635 cupiat
235 1572 379 1632 formosus,
394 1579 435 1620 eat
448 1584 624 1634 quacumque,
639 1569 735 1633 puellis

95 1663 185 1710 iniciat
198 1676 287 1709 curam
301 1661 441 1724 quaerendi
454 1661 570 1723 singula,
586 1658 658 1721 quali

95 1753 126 1799 sit
141 1750 223 1811 facie,
238 1766 310 1808 sura,
327 1749 397 1810 quali
411 1749 491 1811 pede,
506 1749 596 1806 dente,
612 1747 727 1809 capillo,

96 1841 131 1887 sic
145 1841 189 1902 qui
202 1839 343 1902 promittit,
358 1837 436 1897 civis,
451 1836 540 1885 urbem
552 1835 601 1884 sibi
614 1849 707 1896 curae,

44 1937 69 1976 aa
97 1929 235 1990 imperium
249 1926 305 1975 fore
317 1934 342 1974 et
355 1925 473 1983 ltaliam,
489 1923 595 1972 delubra
607 1923 726 1983 deorum,

98 2032 148 2078 quo
163 2026 234 2079 patre
247 2016 384 2074 situatas,
405 2029 469 2062 num
481 2014 571 2077 ignota
583 2021 663 2060 matre
676 2012 855 2078 inhonestus,

98 2107 182 2152 onmis
195 2104 310 2152 mortalis
323 2117 412 2151 curare
425 2111 449 2151 et
463 2114 585 2164 quaerere
598 2099 682 2164 cogit.

97 2193 183 2250 lune,
199 2192 256 2254 Syri
269 2192 368 2240 Damae
382 2199 427 2239 aut
439 2190 549 2254 Dionysi
562 2188 644 2246 lilius,
660 2187 741 2237 audes

100 2280 198 2328 deicere
213 2281 244 2326 de
257 2293 320 2327 saxo
334 2281 396 2327 civis
409 2287 453 2328 aut
464 2279 564 2327 tradere
578 2265 710 2324 Cadmol'

45 2378 71 2415 to
101 2362 136 2416 ‘at
150 2368 247 2415 Novius
260 2367 358 2431 collega
370 2368 452 2430 gradu
465 2373 522 2430 post
534 2379 575 2414 me
587 2365 656 2413 sedet
668 2377 738 2413 unc:

99 2470 211 2518 namque
224 2463 261 2503 est
273 2454 332 2514 ille,
354 2463 428 2517 pater
441 2456 510 2517 quod
529 2462 583 2503 erat
602 2453 700 2502 meus.³
723 2453 793 2504 ‘hoc
806 2457 859 2508 tibi

470 2543 577 2591 Paullus

100 2642 125 2681 et
136 2632 258 2682 Messalla
271 2631 380 2680 videris?
394 2640 420 2680 at
433 2632 491 2691 hic,
506 2631 528 2679 si
540 2631 636 2693 plostra
648 2630 762 2678 ducenta

133 2806 160 2869 l
