1770 2984
369 124 549 168 effluam

418 427 497 478 VIII.

88 639 156 688 Olim
170 649 274 688 truncus
287 654 358 689 eram
368 639 489 700 ficulnus,
503 640 595 690 inutile
607 640 728 705 lignum,

88 744 147 778 omn
160 728 248 787 faber,
262 729 374 777 incertus
386 743 520 778 scamnum
532 728 663 779 faceretne
675 728 829 794 Priapum,

89 818 181 866 maluit
194 831 246 866 esse
259 817 349 866 deum.
376 817 439 866 deus
450 817 510 867 inde
523 831 584 882 ago,
599 816 690 866 furum
702 820 853 885 aviumque

89 907 205 955 maxima
218 904 347 953 formido:
363 919 424 953 nam
437 904 506 954 fures
519 906 610 955 dextra
622 914 731 957 coercet

50 1000 62 1038 t
91 996 270 1056 obscaenoque
281 992 358 1042 ruber
370 1001 503 1057 porrectus
514 994 547 1042 ab
559 992 667 1058 inguine
680 994 780 1058 palus,

92 1092 130 1132 ast
142 1084 293 1145 inportunas
305 1081 415 1130 volucris
426 1081 454 1130 in
466 1082 560 1131 vertice
573 1082 674 1131 arundo

91 1177 167 1219 terret
180 1170 232 1218 lixa
244 1176 363 1231 vetatque
375 1168 450 1218 novis
463 1169 594 1219 considere
607 1170 635 1218 in
646 1169 750 1221 hortIs.

92 1258 141 1305 hue
154 1259 224 1320 prius
236 1257 349 1321 angustis
361 1258 442 1307 eiecta
455 1258 579 1306 cadavera
591 1257 664 1306 cellis

92 1359 227 1394 conservus
239 1344 284 1393 vili
296 1345 425 1407 portanda
437 1346 540 1395 locabat
551 1345 580 1395 ln
592 1359 670 1405 aroa3

40 1442 65 1479 1o
92 1434 142 1481 hoo
156 1431 264 1481 miserae
277 1432 346 1496 plebi
359 1434 442 1484 stabat
455 1448 591 1484 commune
604 1433 777 1500 sepulerum,

92 1520 240 1570 Pantolabo
252 1536 354 1572 scurrae
366 1520 581 1585 Nomentanoque
592 1522 697 1586 nepoti.

93 1611 162 1659 mille
175 1610 252 1673 pedes
264 1610 291 1658 in
305 1612 403 1673 lronte,
418 1618 544 1660 trecentos
557 1611 647 1675 cippus
659 1611 687 1659 in
701 1622 805 1678 agrum

93 1699 135 1747 hio
148 1700 241 1759 dabat3
256 1699 360 1750 heredes
372 1706 569 1749 monumentum
581 1713 613 1747 ne
625 1709 797 1761 sequeretur.

93 1803 161 1836 nuuc
174 1787 235 1836 lieet
247 1787 368 1849 Esquiliis
380 1787 497 1836 habitare
510 1785 655 1836 salubribus
668 1796 753 1850 atque

41 1884 67 1921 rt
96 1890 187 1941 aggere
200 1876 225 1923 in
240 1875 328 1938 aprico
341 1875 463 1936 spatiari,
478 1874 620 1937 quomodo
633 1875 719 1924 tristes

95 1965 159 2014 albIs
172 1964 309 2013 informem
321 1961 470 2027 spectabant
482 1963 581 2012 ossibus
593 1977 699 2027 agrum3

96 2067 154 2100 eum
167 2051 231 2100 mihi
244 2065 297 2100 non
310 2057 410 2100 tantum
422 2050 543 2113 furesque
555 2051 676 2112 seraeque
688 2061 784 2104 suetae

95 2141 164 2187 hunc
177 2154 270 2188 vexare
282 2139 368 2188 locum
382 2154 458 2189 curae
469 2147 529 2189 sunt
541 2146 617 2201 atque
628 2138 731 2202 labori,

96 2232 222 2289 quantum
235 2227 391 2275 carminibus
404 2242 471 2291 quae
483 2234 583 2277 versant
595 2233 671 2288 atque
683 2231 798 2279 venenis

43 2326 68 2363 20
96 2315 222 2363 humanos
235 2313 350 2362 animos:
366 2316 412 2363 has
423 2315 495 2364 nullo
508 2314 613 2379 perdere
625 2327 733 2376 possum

98 2418 144 2453 nec
157 2401 294 2465 prohibere
306 2402 401 2462 modo,
417 2403 492 2451 simul
507 2419 537 2452 ae
549 2416 614 2466 vaga
626 2401 689 2450 luna
701 2402 825 2455 deeoruu

98 2491 204 2555 protulit
218 2505 261 2550 os,
277 2490 340 2552 quin
355 2504 411 2538 ossa
423 2490 509 2553 legunt
521 2488 663 2551 herbasque
675 2494 814 2545 nocentis.

96 2580 147 2630 ridi
161 2587 262 2646 egomet
275 2578 350 2644 nigra
362 2578 519 2628 succinctum
531 2579 623 2627 vadere
635 2577 705 2639 pullu

42 2666 50 2697 l
