1784 3000
369 207 501 248 menter.
754 212 805 260 277

10 380 29 418 ts
61 372 124 433 quid
138 370 202 420 mihi
217 369 305 421 Celsus
317 371 389 436 ugit?
402 371 516 420 monitus
529 371 689 432 multumque
702 370 857 432 monendus,

57 461 171 521 privatas
184 467 212 509 ut
225 468 332 522 quaerat
346 475 407 524 opes
421 469 445 510 et
458 469 562 523 tangere
575 459 637 508 vitet

57 549 151 611 scripta
164 547 297 598 Palatinus
310 563 488 612 quaecumque
501 549 597 612 recepit
609 546 721 610 Apollo,

57 649 105 695 ne,
121 637 142 684 si
157 636 222 686 forte
235 652 292 686 suus
305 638 443 701 repetitum
455 637 552 686 venerit
566 635 629 684 olim

57 739 121 788 grex
135 725 222 772 avium
235 725 350 788 plumas,
366 733 468 776 moveat
481 724 613 773 cornicula
625 724 706 772 risum

10 848 14 860 t
58 812 159 862 furtivis
172 814 270 863 nudata
283 814 428 866 coloribus.
455 814 509 877 ipse
522 811 585 875 quid
598 810 696 860 eudes?

58 917 124 964 quae
138 902 329 951 circumvolitas
341 902 417 966 agilis
429 901 536 965 thyma?
555 914 608 949 non
621 898 670 949 tibi
683 913 790 963 parvum

57 991 209 1053 ingenium,
225 1006 278 1039 non
291 991 418 1040 incultum
431 999 467 1040 est
480 998 505 1041 et
518 990 626 1054 turpiter
638 988 750 1038 hirtum:

56 1094 100 1128 seu
114 1079 231 1144 linguam
244 1080 326 1128 causis
339 1080 424 1140 acuis,
439 1094 483 1129 seu
496 1079 577 1127 civica
589 1078 646 1125 iura

58 1168 210 1231 respondere
223 1182 313 1231 puras,
328 1181 373 1216 seu
386 1168 475 1217 condis
488 1166 600 1216 amabile
614 1179 733 1225 carmen,

10 1288 14 1299 ,
57 1256 141 1318 prima
155 1255 220 1304 feres
232 1255 343 1305 hederae
356 1257 467 1305 victricis
480 1256 610 1319 praemia.
637 1252 728 1316 quodsi

56 1343 152 1408 frigida
165 1358 284 1392 curarum
297 1344 413 1395 fomenta
426 1344 569 1407 relinquere
582 1358 684 1407 posses,

58 1446 109 1494 quo
124 1439 149 1481 te
163 1432 278 1481 caelestis
292 1433 420 1496 sapientia
434 1434 552 1495 duceret,
568 1433 631 1482 ires.

56 1521 107 1568 hoe
121 1535 200 1584 opus,
217 1521 267 1569 hoe
280 1521 394 1571 studium
407 1523 479 1586 parvi
493 1537 658 1586 properemus
671 1527 696 1572 et
709 1522 805 1586 ampli,

57 1610 77 1658 si
92 1609 191 1673 patriae
203 1609 337 1667 volumus,
353 1609 375 1658 si
387 1610 462 1659 nobis
475 1612 558 1660 vivere
571 1612 638 1660 cari.

58 1697 135 1746 (lebes
148 1697 198 1746 hoc
211 1698 289 1746 etium
301 1697 455 1759 rescribere,
470 1698 503 1746 sit
515 1699 564 1748 tibi
577 1713 653 1747 enrue

58 1795 171 1847 quantae
184 1786 321 1834 conveniat
331 1785 475 1837 Munatius.
505 1801 537 1834 an
550 1786 698 1834 malesarta

58 1875 143 1936 gratia
156 1874 313 1937 nequiquam
327 1874 379 1923 coit
392 1881 416 1923 et
428 1873 582 1923 rescinditur
595 1888 624 1922 ac
637 1886 682 1922 vos

57 1978 101 2011 seu
115 1962 212 2010 calidus
225 1963 329 2027 sanguis
341 1976 385 2011 seu
397 1976 483 2012 rerum
496 1961 599 2010 inscitia
611 1968 687 2010 vexat

58 2051 187 2099 indomita
199 2051 296 2100 cervice
309 2051 396 2100 feros?
414 2049 571 2111 ubicumque
583 2049 701 2098 locorum

10 2147 29 2184 rt
59 2141 158 2200 vivitis,
174 2139 273 2203 indigni
286 2138 429 2190 fraternum
440 2152 560 2201 rumpere
572 2136 678 2196 foedus,

57 2229 170 2292 pascitur
183 2229 210 2276 in
223 2237 333 2278 vestrum
346 2228 457 2278 reditum
470 2226 555 2275 votiva
568 2226 691 2278 iuvenca.
