1770 2984
368 128 463 169 mana
473 130 510 168 11.

62 291 195 353 praeclara
209 290 326 340 sublatus
339 290 437 351 aletur,
452 307 485 340 ne
498 293 664 342 manifestum

61 379 169 427 caelibis
183 380 335 440 obsequium
348 381 428 429 nudet
441 388 480 441 te,
498 381 589 431 leniter
601 383 628 430 in
643 397 713 446 spem

62 468 156 530 adrepe
169 467 312 529 officiosus,
327 476 355 517 ut
368 477 393 517 et
405 469 516 518 scribare
529 471 654 520 secundus

61 556 134 604 heres
147 563 187 616 et,
203 556 284 617 siquis
297 571 371 604 casus
382 571 491 619 puerum
504 559 584 620 egerit
596 557 680 617 Orco,

10 653 16 663 '
62 644 90 693 in
102 659 213 694 vacuum
226 645 328 694 venias:
345 658 448 707 perraro
461 645 525 694 haec
539 645 596 693 alea
608 645 692 696 fallit.

63 733 107 795 qni
120 739 302 783 testamentum
315 734 398 782 tradet
410 733 458 782 tibi
471 747 581 795 cumque
593 733 745 798 legendum,

64 820 178 870 abnuere
191 829 216 871 et
229 820 330 870 tabulas
343 837 358 870 a
371 828 396 871 te
409 835 540 871 removere
553 831 698 882 memento,

63 910 99 958 sic
112 917 199 959 tamen
212 919 241 960 ut
253 910 321 960 limis
334 910 420 974 rapias
435 910 496 973 quid
509 910 593 973 prima
605 911 717 959 secundo

63 1013 123 1047 cera
135 998 196 1049 velit
209 1013 297 1058 versu3
313 999 400 1060 solus,
415 998 536 1048 multisne
549 997 669 1059 coheres,

10 1093 34 1134 35
63 1087 146 1136 veloci
159 1102 279 1151 percurre
293 1087 383 1136 oculo,
409 1086 562 1150 plerumque
574 1093 690 1135 recoctus

63 1176 148 1224 scriba
160 1190 193 1224 ex
206 1175 376 1237 quinqueviro
389 1189 496 1224 corvum
509 1175 613 1223 deludet
625 1175 742 1223 hiantem

63 1271 232 1328 captatorque
245 1263 316 1312 dabit
329 1264 393 1312 risus
406 1264 500 1312 Nasica
513 1263 617 1314 Corano
626 1255 643 1310 .'

63 1368 126 1400 num
141 1350 203 1400 furis
216 1367 249 1400 an
262 1353 376 1415 prudens
389 1352 457 1401 ludis
471 1367 512 1400 me
526 1353 636 1401 obscura
648 1351 783 1401 canendo?

63 1434 93 1488 ‘o
108 1441 261 1500 Laertiade,
277 1441 402 1503 quidquid
416 1442 502 1490 dicam
516 1448 560 1489 aut
573 1442 621 1490 erit
633 1449 758 1489 autnon:

10 1538 36 1574 no
65 1529 180 1577 divinare
194 1529 288 1578 etenim
301 1544 410 1591 magnus
422 1530 487 1578 mihi
500 1530 580 1578 donat
592 1529 690 1592 Apollo
698 1519 714 1577 .'

66 1618 127 1680 quid
141 1626 227 1666 tamen
241 1617 290 1666 ista
301 1618 362 1666 velit
374 1617 423 1666 sibi
436 1616 535 1677 fabula,
550 1617 661 1676 silicet,
677 1618 736 1667 ede.

64 1706 192 1769 ‘tempore
205 1719 256 1767 quo
270 1704 368 1754 iuvenis
380 1705 484 1754 Parthia
497 1705 648 1765 horrendus,
664 1702 695 1751 ab
709 1704 761 1751 alto

65 1795 203 1843 demissum
216 1808 295 1856 genus
308 1793 415 1854 Aenea,
429 1793 521 1842 tellure
534 1793 651 1853 marique

66 1897 175 1946 magnus
189 1883 251 1940 erit,
267 1881 328 1930 forti
341 1882 422 1931 nubet
434 1895 542 1945 procera
554 1879 658 1930 Corano

12 1979 38 2018 oo
67 1971 121 2018 filia
132 1970 256 2030 Nasicae,
271 1970 408 2019 metuentis
421 1969 527 2019 reddere
540 1967 655 2017 eoldum.

67 2067 122 2107 tum
134 2073 214 2122 gener
226 2057 276 2106 hoc
289 2057 382 2107 faciet:
398 2057 500 2106 tabulas
513 2070 603 2105 socero
616 2054 688 2104 dabit
700 2062 777 2118 atque

66 2154 95 2194 ut
107 2147 174 2210 legat
188 2146 287 2205 orabit3
303 2146 414 2194 multum
427 2145 522 2194 Nasica
534 2150 639 2207 negatas

67 2235 179 2297 accipiet
191 2235 294 2283 tandem
308 2243 332 2283 et
345 2235 438 2283 tacitus
451 2234 518 2297 leget
530 2233 693 2295 invenietque

68 2322 104 2371 nii
117 2323 167 2371 sibi
179 2323 294 2386 legatum
306 2329 407 2385 praeter
418 2322 521 2386 plorare
533 2322 651 2384 suisque.

14 2420 39 2457 ro
69 2411 133 2458 illud
147 2411 179 2458 ad
192 2411 257 2459 haec
269 2410 362 2459 iubeo:
378 2410 471 2459 mulier
483 2411 504 2460 si
517 2410 584 2459 forte
596 2409 686 2459 dolosa

68 2500 207 2548 libertusve
219 2513 307 2548 senem
320 2499 432 2547 delirum
444 2507 586 2562 temperet,
600 2497 652 2547 illis

69 2588 175 2636 accedas
188 2587 285 2647 socius;
300 2586 402 2646 laudes,
417 2587 528 2636 lauderis
540 2596 569 2635 ut
581 2586 684 2634 absens.
