1770 2984
99 155 151 203 344
405 148 446 189 uu
460 149 543 190 auru

45 324 85 363 373
99 327 236 361 causarum
250 311 387 362 mediocris
400 313 470 362 abest
483 312 579 362 virtute
592 313 688 362 diserti
740 340 743 344 ·

98 401 233 450 Messallae
246 416 294 449 nec
306 401 355 449 scit
368 408 494 464 quantum
508 399 655 451 Cascellius
668 402 752 451 Aulus
759 436 767 460 ,

99 489 143 538 sed
156 498 242 537 temen
255 488 282 536 in
297 490 382 551 pretio
396 498 446 539 est:
468 490 646 538 mediocribus
661 505 715 539 esse
728 489 805 555 poetis

98 592 152 626 non
164 577 299 638 homiues,
314 592 367 626 nou
381 579 422 639 di,
436 592 490 626 uon
503 592 652 627 concessere
667 579 814 628 columnae.

98 673 127 714 ut
139 676 224 730 gretes
238 666 305 715 inter
318 681 418 716 menses
431 665 587 730 symphonia
600 667 703 716 discors

45 765 85 803 373
101 762 125 802 et
138 768 250 803 crassum
263 760 424 818 unguentum
438 763 463 804 et
476 753 559 804 Sardo
572 770 633 804 cum
646 755 724 805 melle
737 767 838 819 papaver
865 764 876 815 ;,

99 842 250 903 offendunt,
265 850 366 906 poterat
379 844 438 892 duci
452 843 515 906 quie
527 858 591 892 cena
605 844 662 892 sine
675 844 748 904 istis,

98 932 134 980 sio
147 932 241 980 animis
254 939 344 980 natum
357 932 541 994 inveut'umqne
553 946 648 994 poema
660 932 796 992 iuvandis,

98 1021 119 1069 si
132 1020 250 1084 paullum
263 1034 363 1068 summo
376 1020 499 1080 decessit,
513 1020 595 1084 vergit
607 1021 640 1069 cd
653 1021 754 1073 imum.

97 1107 186 1157 ludere
200 1108 243 1171 qui
257 1109 355 1169 nescit,
370 1108 557 1172 campestribus
571 1109 685 1158 abstinet
698 1111 789 1171 ermis,

45 1208 84 1246 330
98 1197 267 1260 indoctusque
281 1197 349 1260 pilae
362 1196 456 1246 discive
468 1198 583 1246 trochive
596 1197 723 1259 quiescit,

98 1300 131 1334 ne
144 1287 240 1348 spissae
253 1286 332 1335 risum
345 1286 439 1336 tollent
451 1287 547 1350 inpune
560 1299 690 1334 coronae:

99 1374 144 1437 qui
156 1375 237 1423 nescit
250 1389 350 1436 versus,
366 1382 453 1425 tamen
465 1377 542 1424 audet
555 1375 663 1439 lingere.
691 1375 801 1438 quidni?

99 1462 163 1511 liber
177 1470 202 1511 et
214 1463 355 1527 ingenuus,
370 1464 521 1526 praesertim
535 1477 625 1512 census
638 1471 785 1526 equestrem
801 1454 804 1459 ⁸

99 1566 225 1600 summam
238 1533 420 1613 nummorum,
434 1553 550 1614 vitioque
563 1558 677 1601 remotus
691 1552 724 1600 ab
739 1553 823 1602 omni.

47 1649 85 1686 335
101 1648 128 1688 tu
141 1640 206 1688 nihil
220 1639 301 1689 iuvita
314 1639 383 1688 dices
396 1640 506 1690 faciesve
518 1641 651 1690 Minerva:

100 1731 126 1778 id
140 1730 187 1777 tibi
200 1729 324 1777 iudicium
340 1735 390 1790 cst,
406 1744 435 1778 ca
448 1744 533 1779 mens.
560 1729 646 1790 siquid
659 1736 748 1778 tamen
762 1729 825 1777 olim

100 1820 244 1881 scripseris,
259 1819 287 1865 iu
300 1819 384 1865 blaesi
398 1818 535 1866 descendat
549 1818 642 1866 iudicis
655 1817 726 1866 auris

101 1916 125 1958 et
137 1908 217 1970 patris
231 1914 255 1955 et
269 1914 378 1965 nostras,
393 1920 543 1968 nonumque
556 1914 686 1968 prematur
699 1907 729 1954 iu
742 1921 846 1966 aunum,

100 1995 256 2044 membranis
269 1996 337 2043 intus
350 1995 455 2056 positis:
478 1994 562 2043 delere
575 1994 663 2043 licebit

48 2090 86 2129 eso
101 2085 170 2146 quod
183 2099 235 2133 non
249 2084 373 2142 edideris3
394 2083 473 2132 nescit
486 2097 537 2130 vox
550 2083 628 2131 missa
640 2084 749 2132 reverti.

99 2172 217 2220 silvestris
230 2173 347 2220 homines
359 2187 430 2220 sacer
441 2172 617 2234 interpresque
630 2173 738 2220 deorum

102 2259 221 2308 caedibus
235 2270 260 2307 et
272 2261 340 2309 victu
354 2260 431 2307 foedo
445 2258 568 2309 deterruit
580 2258 711 2323 Orpheus,

102 2349 183 2397 dictus
198 2348 230 2395 ob
243 2347 293 2395 hoc
306 2349 385 2397 lenire
398 2349 471 2410 tigris
483 2349 638 2410 rabidosque
651 2349 750 2400 leones.

102 2439 184 2486 dictus
197 2448 222 2485 et
234 2435 381 2497 Amphion,
397 2437 535 2484 Thebanae
549 2437 667 2484 conditor
679 2436 759 2494 areis,

48 2533 86 2572 335
102 2542 165 2575 saxa
179 2539 279 2573 movere
291 2538 354 2572 sono
369 2525 501 2573 testudinis
514 2535 537 2573 et
550 2540 624 2587 prece
637 2524 733 2572 blande

103 2616 194 2665 ducere
208 2629 258 2680 (pao
271 2612 358 2662 vellet.
384 2613 433 2660 suit
445 2612 510 2661 haec
522 2613 650 2676 sapientia
662 2613 810 2675 quondam,
