1770 2984
117 199 167 246 172
428 191 549 232 acoron
618 202 621 208 ·

116 358 267 406 libidinosus
280 355 447 404 inmolabitur
460 368 537 417 caper

117 456 140 494 et
154 461 221 509 agna
234 444 453 508 Tempestatibus.

409 655 568 662 -—

464 865 517 915 XI.

117 1063 198 1121 Petri,
212 1062 278 1110 nihil
290 1076 331 1110 me
343 1060 408 1110 sicut
421 1069 497 1108 antea
509 1061 580 1108 iuvat

116 1152 226 1199 scribere
240 1150 376 1200 versiculos
390 1163 477 1197 amore
490 1163 636 1210 percussum
648 1148 738 1211 gravi,

117 1254 204 1286 amore
218 1239 262 1300 qui
276 1253 316 1286 me
329 1246 432 1301 praeter
446 1237 529 1285 omnis
542 1237 641 1300 expetit

117 1327 238 1374 mollibus
251 1328 279 1374 in
292 1326 377 1388 pueris
390 1327 473 1374 autin
486 1325 579 1388 puellis
590 1338 676 1375 urere.

118 1414 160 1460 hic
174 1416 263 1462 tertius
276 1414 410 1463 december
423 1429 455 1462 ex
469 1428 520 1476 quo
534 1413 620 1462 destiti

116 1502 224 1549 inachia
237 1503 321 1551 furere
335 1503 404 1551 silvis
415 1503 541 1552 honorem
554 1501 663 1550 decutit.

117 1592 167 1638 hen
181 1605 234 1649 me,
250 1606 295 1653 per
307 1592 409 1650 urbem,
425 1606 486 1639 nam
498 1592 578 1653 pudet
590 1591 657 1639 tanti
670 1591 750 1653 mali,

118 1678 206 1726 fabula
219 1688 315 1740 quanta
328 1680 380 1739 fui,
396 1679 571 1728 conviviorum
585 1686 609 1727 et
621 1679 736 1741 paenitet

118 1768 144 1814 in
159 1770 215 1829 quis
229 1777 357 1817 amantem
371 1777 395 1817 et
407 1769 515 1832 languor
528 1775 553 1815 et
564 1767 696 1816 silentium

119 1858 204 1918 arguit
217 1866 240 1904 et
253 1857 332 1905 latere
344 1857 436 1918 petitus
448 1856 502 1903 imo
516 1855 634 1918 spiritus

118 1946 253 1994 ‘contrane
266 1946 365 1993 lucrum
378 1945 415 1992 nil
428 1945 511 1993 valere
524 1943 663 1992 candidum

118 2023 238 2094 pauperis
250 2025 395 2097 ingenium'
410 2032 535 2095 querebar
547 2032 686 2095 adplorans
699 2032 764 2091 tibi,

119 2122 195 2168 simul
209 2122 315 2170 calentis
328 2122 512 2170 inverecundus
525 2122 586 2169 deus

119 2208 256 2257 fervidiore
269 2225 339 2258 mero
354 2225 449 2257 arcana
462 2217 596 2271 promorat
607 2208 680 2256 loco.

119 2296 225 2356 ‘quodsi
238 2297 301 2345 meis
313 2298 440 2345 inaestuet
452 2297 608 2359 praecordiis

119 2384 200 2431 libera
213 2383 287 2443 bilis,
303 2392 331 2432 ut
343 2385 407 2432 haec
419 2385 521 2448 ingrata
534 2386 614 2434 ventis
626 2384 724 2433 dividat

120 2472 235 2520 fomenta
247 2472 337 2521 volnus
350 2473 386 2520 nil
400 2472 497 2520 malum
509 2474 636 2533 levantia,

120 2561 216 2609 desinet
228 2561 363 2624 inparibus
377 2568 473 2609 certare
485 2571 626 2610 summotus
638 2553 749 2624 pudor.’

118 2650 161 2697 ubi
175 2650 241 2700 baec
254 2665 356 2701 severus
368 2658 393 2700 te
406 2650 493 2714 palam
507 2649 685 2711 laudaveram,
