1770 2984
100 184 152 233 234
366 177 585 222 mmeramme
649 219 652 226 .

99 344 136 392 ire
149 342 218 391 foras
229 342 307 405 pleno
320 341 443 392 tendebat
455 356 563 405 corpore
575 342 688 394 frustra.

100 431 142 478 cui
155 429 263 479 mustela
275 430 368 494 procul
379 431 416 480 ‘si
427 430 480 479 vis’
491 431 529 479 ait
540 429 669 494 ‘effugere
682 431 777 492 istinc,
834 493 839 501 1

100 533 189 568 macra
201 532 294 566 cavum
305 526 407 582 repetes
419 528 522 577 artum,
543 533 620 581 quem
633 533 725 568 macra
738 518 827 568 subisti
833 508 848 567 .’

101 606 150 654 hac
162 620 210 670 ego
224 607 246 654 si
260 605 392 670 conpellet
403 607 534 672 imagine,
548 614 643 655 cuncta
654 607 777 672 reaign03

100 709 148 744 nec
160 709 280 744 somnum
293 694 375 759 plebis
388 695 465 744 laudo
478 702 547 744 satur
558 694 688 755 altilium,
703 709 753 746 uec

102 784 154 832 otia
167 784 264 832 divitiis
276 783 394 832 Arabum
406 782 540 832 liberrima
552 790 640 833 muto.

100 886 176 934 saepe
189 872 362 920 verecundum
376 871 502 932 laudasti,
516 885 614 934 rexque
624 879 756 934 paterque

101 959 196 1008 audisti
209 973 313 1018 coram,
327 973 376 1008 uec
387 960 466 1008 verbo
479 961 581 1023 parcius
593 959 699 1008 absens:

103 1048 201 1110 inspice
214 1049 236 1096 si
249 1062 355 1111 possum
368 1048 465 1097 donata
478 1061 602 1112 reponere
614 1047 714 1097 laetus.

104 1136 173 1184 haud
186 1135 255 1185 male
267 1134 455 1196 Telemachus,
470 1136 555 1200 proles
566 1135 688 1200 patientis
699 1135 793 1198 Ulixi,

102 1225 169 1272 ‘non
184 1233 221 1274 est
233 1233 309 1287 aptus
321 1225 392 1286 equis
404 1223 494 1273 Ithace
506 1223 594 1282 locus,
609 1233 637 1272 ut
649 1238 734 1286 neque
746 1224 835 1287 planis

104 1321 237 1374 porrectus
250 1312 340 1375 spatiis
352 1326 400 1361 nec
412 1312 509 1361 multae
521 1313 643 1376 prodigus
655 1312 769 1362 herbae:

104 1399 212 1457 Atride,
227 1400 311 1462 magis
323 1409 383 1463 apta
395 1401 443 1449 tibi
455 1408 501 1449 tua
513 1400 583 1449 dona
594 1399 740 1462 relinquam
749 1400 767 1450 ‚³

104 1501 211 1551 parrum
225 1502 304 1549 parva
316 1488 421 1538 decent:
442 1488 509 1537 mihi
521 1489 574 1537 iam
586 1502 640 1537 uon
652 1489 726 1552 regia
738 1488 843 1550 Roma,

105 1575 148 1624 sed
160 1590 271 1623 vacuum
284 1575 367 1625 Tibur
378 1576 463 1639 placet
475 1584 520 1625 aut
532 1576 626 1625 inbelle
639 1576 800 1627 Tarentum.

105 1672 222 1712 strenuus
235 1672 260 1713 et
273 1665 348 1714 fortis
361 1665 494 1727 causisque
507 1664 645 1728 Philippus
658 1665 766 1730 agendis

106 1752 203 1813 clarus,
219 1752 251 1800 ab
265 1753 358 1801 officiis
371 1760 489 1801 octavam
502 1753 601 1802 circiter
614 1753 705 1801 horam

106 1843 167 1889 dum
180 1841 246 1890 redit
259 1851 336 1903 atque
349 1841 408 1889 foro
419 1840 531 1889 nimium
544 1841 636 1890 distare
650 1840 759 1891 Carinas

106 1929 159 1977 iam
172 1930 276 1992 grandis
289 1937 351 1978 natu
364 1929 495 1992 queritur,
512 1930 662 1993 conspexit,
677 1936 706 1977 ut
719 1929 812 1991 aiunt,

108 2018 227 2065 adrasum
240 2019 369 2080 quendam
382 2033 462 2066 vacua
474 2018 583 2067 tonsoris
596 2017 624 2066 in
635 2018 728 2066 umbra

106 2105 209 2153 cultello
222 2106 340 2168 proprios
354 2114 509 2168 purgantem
522 2106 614 2155 leniter
626 2107 736 2170 unguis.

105 2191 249 2240 ‘Demetri’
263 2191 337 2256 (puer
349 2193 392 2242 hic
404 2208 458 2243 non
470 2194 541 2244 laeve
552 2195 621 2243 iussa
634 2194 751 2258 Philippi

106 2278 270 2342 accipiebat),
284 2273 355 2340 ‘abi,
370 2296 465 2342 quaere
476 2290 501 2331 et
514 2282 591 2344 refer,
606 2283 674 2333 unde
686 2283 773 2346 domo,
786 2285 855 2346 quis,

107 2357 184 2415 cuius'
192 2366 327 2425 fortunae,
343 2382 395 2429 quo
408 2369 441 2418 sit
453 2378 526 2432 patre
539 2386 622 2433 quove
635 2380 745 2435 patrono
753 2364 771 2421 .’

88 2520 90 2525 Ι
107 2456 143 2514 it,
158 2454 224 2502 redit
237 2462 262 2503 et
274 2462 376 2514 narrat,
391 2455 526 2507 Volteium
537 2460 642 2509 nomine
656 2460 776 2520 Menam,

108 2555 277 2606 praeconem,
292 2543 363 2591 tenui
378 2557 471 2607 censu,
487 2549 542 2598 sine
556 2548 661 2597 crimine
674 2557 764 2597 notum

108 2638 133 2679 et
145 2644 284 2693 properare
296 2631 357 2680 loeo
371 2639 396 2682 et
408 2647 504 2685 cessare
518 2644 542 2685 et
555 2651 676 2698 quaerere
689 2638 780 2698 etuti,
