1784 3000
88 191 120 238 98
378 183 543 223 onnnruuu

87 364 152 410 quae
164 348 232 396 velut
244 354 335 394 nactae
347 345 441 393 vitulos
454 345 559 393 leaenae

87 436 202 498 singulos
214 436 279 483 eheu
291 435 421 482 lacerant:
444 448 492 496 ego
506 432 556 480 illis

87 524 193 573 mollior
205 537 252 571 neo
264 530 288 571 te
302 521 394 570 feriam
407 535 492 583 neque
504 521 573 568 intra

89 613 200 660 claustra
213 610 316 660 tenebo.

88 769 129 803 me
142 760 215 816 pater
227 751 308 801 saevis
321 757 409 798 oneret
421 748 532 810 eatenis,

89 843 158 904 quod
170 842 226 889 viro
240 839 351 888 clemens
364 839 458 886 misero
471 837 587 900 peperci,

89 945 130 979 me
142 929 182 978 vel
196 937 324 977 extremos
335 925 507 989 Numidarum
520 925 547 973 in
561 939 635 989 agros

89 1019 167 1067 classe
180 1017 288 1079 releget.

89 1161 98 1208 i
112 1159 188 1222 pedes
201 1173 252 1220 quo
266 1165 291 1205 te
304 1157 408 1220 rapiunt
421 1161 446 1203 et
458 1168 549 1214 aurae,

39 1253 64 1290 to
93 1249 153 1295 dum
166 1247 235 1294 favet
247 1259 302 1293 nox
315 1251 340 1292 et
352 1243 453 1303 Venus,
468 1243 478 1291 i
491 1242 602 1291 seeundo

93 1336 179 1383 omine
192 1344 217 1382 et
229 1332 309 1382 nostri
323 1345 464 1380 memorem
477 1329 594 1392 sepulcro

93 1423 177 1486 scalpe
190 1421 329 1483 querellam
337 1419 354 1466 .'

436 1770 488 1818 XII
497 1807 502 1818 .

97 1933 247 1980 Miserarum
260 1938 298 1978 est
310 1943 394 1992 neque
407 1929 490 1977 amori
503 1929 564 1977 dare
576 1927 667 1976 ludum
680 1942 765 1992 neque
779 1929 851 1979 dulci

132 2019 202 2068 mala
214 2018 273 2066 vino
287 2017 371 2066 lavere
385 2025 429 2065 aut
442 2017 585 2066 exanimari
598 2017 735 2066 metuentis

132 2114 238 2169 patruae
250 2105 356 2153 verbera
367 2104 484 2169 linguae.

97 2194 143 2242 tibi
158 2192 264 2255 qualum
278 2191 421 2254 Cythereae
435 2208 498 2255 puer
511 2193 575 2253 ales,
591 2191 638 2240 tibi
651 2191 715 2240 telas

59 2287 71 2324 t
135 2294 307 2343 operosaeque
320 2280 450 2328 Minervae
462 2280 573 2329 studium
586 2279 685 2339 aufert,
699 2279 833 2343 Neobule,

132 2367 254 2430 Liparaei
266 2367 336 2416 nitor
347 2366 440 2426 Hebri,

97 2455 172 2505 simul
185 2461 277 2504 unetos
291 2455 421 2504 Tiberinis
434 2470 536 2504 umeros
547 2455 610 2504 lavit
621 2455 649 2504 in
662 2456 752 2516 undio,

132 2559 210 2606 eques
221 2544 279 2607 ipso
291 2542 383 2591 melior
395 2543 608 2606 Bellerophonte,
623 2557 706 2607 neque
719 2559 810 2608 pugno

115 2646 208 2693 neque
219 2633 297 2697 segni
309 2634 379 2698 pede
390 2633 491 2696 vietus,
