1770 2984
120 191 171 239 332
428 185 470 225 ms
483 183 566 227 Attuli

120 349 216 398 dixeris
228 350 346 412 egregie,
361 358 453 399 notum
466 349 487 397 si
500 347 597 397 callida
609 350 717 399 verbum

120 437 259 486 reddiderit
270 438 390 487 iunctura
402 451 512 486 novum.
540 437 562 485 si
575 436 643 487 forte
656 445 779 487 necessest

119 524 222 575 indiciis
234 532 377 575 monstrare
389 524 533 575 sedentibus
547 524 638 582 abdita
650 541 752 586 rerum,
766 533 789 575 et

67 621 92 660 to
120 613 216 676 fingere
228 612 349 662 uiuetutis
361 627 415 662 non
427 613 550 662 exaudita
562 613 687 678 Cethegis

120 701 265 764 continget,
281 701 434 764 dabiturque
446 701 552 751 licentis
564 708 668 766 sumpta
681 704 813 766 pudenter.

120 795 145 838 et
156 802 224 838 nova
236 789 346 851 fletaque
359 805 443 853 nuper
454 789 586 839 habebunt
598 789 679 840 verba
692 791 784 854 fidem,
797 791 816 839 si

120 877 220 928 Graeco
233 879 306 926 sonte
318 879 424 938 eadent,
440 892 518 941 parce
530 878 647 930 detorta.
676 881 740 944 quid
753 889 832 929 entem

120 966 237 1016 Caecilio
248 965 395 1028 Plautoque
408 965 481 1015 dabit
492 965 625 1016 Romanus
638 968 787 1032 ademptum

67 1061 92 1099 uu
120 1055 237 1119 Vergilio
251 1053 401 1116 Varioque?
414 1067 462 1116 ego
475 1068 536 1115 our,
551 1054 688 1117 adquirere
702 1071 786 1120 pauca

119 1144 140 1191 si
153 1157 271 1206 possum,
285 1141 418 1204 irrideor,
433 1156 493 1191 eum
505 1141 596 1206 lingue
609 1141 719 1194 Catonis
729 1152 755 1195 et
765 1143 829 1194 Enni

120 1245 263 1280 sermonem
276 1231 388 1294 patrium
401 1230 520 1280 ditaverit
532 1238 557 1280 et
569 1245 638 1280 nove
651 1247 739 1282 rerum

119 1319 227 1367 nomina
239 1319 391 1383 protulerit.
418 1318 492 1369 licuit
504 1333 656 1382 semperque
668 1319 758 1370 licebit

119 1408 250 1470 signatum
263 1414 397 1470 praesente
408 1416 473 1457 uota
484 1406 625 1471 producere
639 1421 750 1457 nomen.

120 1501 149 1543 ut
160 1495 238 1544 silvae
251 1495 321 1544 foliis
333 1509 428 1559 pronos
440 1501 573 1545 mutentur
583 1495 612 1544 in
625 1510 724 1557 anuos,

118 1583 202 1646 primu
215 1583 326 1643 eadunt,
341 1583 379 1632 ita
390 1584 525 1632 verborum
541 1589 612 1632 vetus
624 1583 716 1633 interit
728 1593 799 1633 aetas

119 1682 143 1722 et
155 1673 276 1721 iuvenum
288 1672 339 1719 ritu
351 1671 441 1721 florent
454 1672 532 1719 modo
544 1679 606 1719 nutu
618 1670 771 1734 vigentque.

119 1761 241 1810 debemur
253 1760 331 1808 morti
343 1773 390 1808 nos
403 1765 556 1821 nostraque:
578 1759 628 1808 sive
641 1768 760 1823 receptus

118 1857 187 1898 terre
198 1848 332 1912 Neptunus
344 1845 430 1895 elassis
442 1845 607 1909 aquilonibus
620 1856 705 1908 eruet,

119 1938 185 2001 regis
198 1952 276 2000 opus,
294 1935 416 1984 sterilisve
429 1935 503 1997 palus
516 1934 560 1983 diu
573 1942 685 1998 aptaque
697 1937 776 1985 remis

119 2026 214 2074 vicinas
227 2024 296 2073 urbis
308 2023 354 2072 elit
366 2031 390 2072 et
402 2037 478 2085 grave
491 2023 567 2072 sentit
579 2032 710 2085 urutrum,

117 2127 162 2160 seu
175 2127 277 2162 cursum
289 2112 398 2160 mutavit
410 2112 528 2174 iniquum
541 2110 657 2174 frugibus
671 2114 757 2163 amnis

118 2200 208 2247 doctus
220 2201 269 2249 iter
281 2200 387 2249 melius:
409 2199 530 2248 mortalia
542 2199 611 2249 facte
624 2200 762 2263 peribunt,

117 2286 211 2334 nedum
224 2301 372 2336 sermonum
385 2296 433 2337 stet
445 2287 528 2336 honos
540 2296 565 2336 et
578 2288 662 2352 gretie
675 2288 769 2341 vivax.

64 2381 90 2419 to
118 2372 200 2421 multu
212 2384 377 2424 renascentur
390 2390 456 2438 quae
469 2376 521 2424 iam
535 2378 649 2427 cecidere
661 2378 807 2441 cadentque

117 2476 183 2524 quae
196 2475 263 2510 nuno
277 2469 335 2510 suut
347 2463 375 2512 in
387 2464 486 2513 honore
498 2465 638 2526 voeabula,
654 2466 675 2514 si
689 2466 756 2516 volet
769 2483 829 2517 usus

117 2565 193 2611 quem
206 2563 282 2614 penes
295 2548 432 2599 arbitrium
444 2560 481 2601 est
493 2561 518 2602 et
530 2553 569 2602 ius
584 2562 608 2603 et
621 2569 712 2603 norme
724 2554 832 2618 loquene'

114 2652 156 2688 res
167 2645 254 2705 gestae
266 2652 407 2706 regumque
421 2640 566 2704 ducumque
579 2652 604 2692 et
616 2643 700 2692 tristia
712 2643 780 2692 bella
