1770 2984
439 197 560 238 EPODON

453 500 532 548 XVII
541 535 547 549 .

128 717 184 763 Iam
197 714 249 762 iam
262 712 361 761 efficaci
374 712 406 760 do
420 726 510 760 manua
522 713 659 771 scientiae,

128 803 237 865 supplex
249 809 274 850 et
287 816 332 849 oro
345 816 425 864 regna
437 815 482 863 per
493 802 677 863 Proserpinae,

128 907 173 953 per
188 897 212 940 et
224 890 324 938 Dianae
338 903 390 937 non
405 890 531 937 movenda
543 889 665 948 numina,

129 995 174 1042 per
187 986 264 1041 atque
277 978 357 1026 libros
371 976 514 1026 carminum
527 977 668 1026 valentium

90 1075 103 1114 5
131 1068 210 1116 refixa
223 1067 294 1115 caelo
309 1066 433 1115 devocare
446 1066 542 1125 sidera,

130 1155 254 1215 Canidia,
269 1169 346 1217 parce
358 1154 464 1203 vocibus
476 1155 580 1203 tandem
592 1155 671 1204 saeris

130 1245 260 1305 citumque
272 1251 340 1292 retro
354 1244 437 1304 solve,
453 1243 524 1292 solve
536 1243 678 1292 turbinem.

130 1332 211 1379 movit
223 1339 344 1394 nepotem
357 1331 484 1394 Telephus
497 1332 617 1380 Nereium

130 1421 157 1468 in
171 1434 247 1482 quem
260 1420 383 1482 superbus
396 1421 527 1468 ordinarat
540 1420 645 1482 agmina

131 1510 264 1572 Mysorum
277 1515 301 1556 et
314 1508 342 1555 in
355 1522 431 1570 quem
443 1508 495 1556 tela
508 1516 585 1557 acuta
597 1514 721 1558 torserat.

130 1611 228 1645 unxere
241 1604 335 1644 matres
348 1596 412 1644 Iliae
425 1596 558 1644 addictum
571 1596 632 1645 feris

131 1686 235 1734 alitibus
248 1692 324 1746 atque
338 1683 443 1732 canibus
456 1683 615 1734 homicidam
627 1683 782 1747 Hectorem,

131 1783 268 1838 postquam
281 1773 377 1822 relictis
390 1773 524 1821 moenibus
537 1787 583 1821 rex
595 1774 708 1836 procidit

132 1864 181 1913 heu
194 1863 333 1926 pervicacis
346 1861 378 1908 ad
392 1862 468 1923 pedes
480 1861 606 1910 Achillei.

132 1961 232 2000 saetosa
243 1951 313 1999 duris
327 1965 419 1999 exuere
432 1950 541 2012 pellibus

131 2041 254 2088 laboriosi
268 2040 375 2103 remiges
389 2039 476 2087 Ulixei

131 2128 233 2176 volente
246 2127 322 2176 Circa
335 2128 465 2177 membra:
487 2135 542 2176 tum
556 2141 628 2175 mens
640 2134 665 2176 et
678 2141 755 2177 sonus

131 2217 246 2279 relapsus
259 2224 336 2277 atque
348 2224 424 2264 notus
436 2216 464 2263 in
477 2217 561 2264 voltus
573 2216 670 2264 honor.

132 2305 191 2352 dedi
203 2304 264 2352 satis
276 2319 403 2366 superque
417 2319 559 2366 poenarum
571 2304 633 2366 tibi,

80 2401 104 2438 20
133 2400 220 2441 amata
232 2393 318 2441 nautis
331 2392 440 2441 multum
454 2401 478 2442 et
490 2393 661 2443 institoribus.

132 2481 200 2544 fugit
212 2480 328 2530 iuventas
342 2491 366 2530 et
378 2483 533 2530 verecundus
548 2483 632 2543 color,

133 2569 236 2631 reliquit
250 2584 305 2618 ossa
318 2572 384 2634 pelle
397 2571 491 2619 amicta
504 2571 603 2633 lurida,

127 2660 179 2709 tuis
192 2659 303 2727 capillus
315 2660 388 2711 albus
401 2667 437 2710 est
449 2661 585 2721 odoribus3
