1770 2984
76 118 128 164 204
359 112 540 154 0011000011

77 292 135 324 011111
150 278 301 335 deterreret,
326 271 447 326 ‘Scetani
461 275 591 325 dissimilis
604 276 667 324 sis’:

76 379 108 411 ne
121 379 239 425 sequerer
251 364 389 425 moechas,
405 379 526 413 concessa
539 379 598 412 cum
611 364 721 414 Venere
734 367 776 416 uti

77 467 194 514 possem,
211 445 342 515 ‘deprensi
354 468 408 500 non
421 453 488 501 belle
501 460 538 500 est
550 452 622 500 fama
636 447 776 503 Treboni'

25 547 63 584 115
78 542 179 589 aiebat:
201 541 330 603 ‘sapiens,
345 543 427 591 vitatu
440 541 552 604 quidque
564 541 648 604 petitu

77 630 109 677 sit
122 630 230 690 melius,
246 645 334 678 causas
346 630 435 680 reddet
447 630 508 681 tibi.
537 629 573 676 mi
586 629 648 678 satis
661 638 703 679 est
716 632 739 679 01

78 719 201 766 traditum
215 720 247 765 ab
261 720 373 781 antiquis
385 733 485 767 morem
498 732 595 766 servare
608 725 756 781 tuamque,

79 807 140 853 dum
154 807 266 854 custodis
279 820 351 870 eges,
366 807 447 855 vitam
460 807 609 868 fumumque
621 806 691 854 tueri

79 894 236 943 incolumem
248 911 368 958 possum:
391 895 468 943 simul
481 910 511 943 uc
524 895 654 943 duraverit
667 901 744 945 aetas

27 988 65 1026 120
80 983 194 1031 membra
206 985 373 1046 animumque
385 991 472 1044 tuum,
487 982 562 1032 nubis
574 983 628 1030 sine
642 983 745 1033 cortice
755 979 771 1034 .’
802 987 840 1035 sic
855 1006 872 1026 0

80 1071 211 1119 formabat
223 1087 332 1134 puerum
344 1073 438 1131 dictis,
454 1078 479 1120 et
492 1072 543 1120 sive
556 1070 662 1119 iubebat

80 1170 109 1207 ut
122 1160 234 1209 facerem
249 1161 326 1222 quid,
341 1160 435 1209 ‘habes
448 1168 579 1209 auctorem
593 1173 644 1222 quo
657 1159 745 1210 100100
759 1154 840 1223 hoc,³

80 1264 160 1295 unum
175 1265 207 1296 ex
219 1250 346 1298 iudicibus
358 1249 457 1299 selectis
470 1248 615 1307 obiciebat,
632 1260 636 1267 ·

81 1337 131 1384 sive
145 1338 263 1396 vetabat,
278 1339 326 1385 ‘an
340 1339 390 1386 hoc
403 1338 567 1387 inhonestum
580 1343 605 1384 et
617 1336 712 1385 inutile
725 1337 805 1387 factu

28 1428 66 1465 125
81 1439 162 1472 necne
175 1425 207 1473 sit
221 1427 371 1486 addubites,
386 1427 475 1490 flagret
487 1439 588 1474 rumore
602 1423 671 1471 111010
686 1439 751 1474 011111

81 1511 123 1560 hic
138 1521 214 1575 atquc
227 1514 303 1562 illei'
322 1515 410 1563 avidos
423 1515 538 1563 vicinum
550 1512 626 1561 funus
639 1519 668 1561 ut
681 1528 781 1576 aegros

83 1603 215 1650 exanimat
229 1604 370 1665 mortisque
383 1609 453 1651 metu
466 1602 515 1650 sibi
528 1616 632 1665 parcere
646 1602 735 1664 cogit,

82 1693 118 1739 sic
131 1700 232 1740 teneros
245 1694 345 1740 animos
358 1692 444 1739 aliena
458 1691 597 1754 opprobria
609 1704 686 1751 saepe

83 1781 223 1829 absterrent
236 1782 318 1829 vitiis.
346 1795 379 1828 ex
392 1780 443 1828 hoc
456 1793 505 1842 ego
518 1794 594 1827 0011110
607 1778 639 1825 ab
652 1778 723 1839 illis,

30 1878 68 1914 130
83 1870 223 1932 pernicicm
237 1883 414 1932 quaecumque
428 1868 531 1927 serunt,
547 1866 723 1916 mediocribus
737 1876 766 1918 et
780 1871 840 1933 quis

83 1960 201 2020 ignoscas
214 1959 282 2006 vitiis
294 1967 399 2008 teneor.
427 1957 543 2004 fortassis
555 1963 579 2004 et
592 1956 668 2003 istinc

83 2047 186 2109 largiter
200 2047 331 2094 abstulerit
344 2045 423 2108 longa
437 2053 521 2104 aetas,
536 2044 600 2092 liber
613 2045 729 2105 amicus,

84 2135 220 2182 consilium
233 2135 381 2196 proprium.
402 2132 581 2195 nequeenim,
597 2147 655 2179 cum
668 2131 785 2184 lectulus
799 2144 878 2184 nutnt

84 2222 198 2284 porticus
211 2223 327 2283 excepit,
343 2224 431 2270 desum
450 2221 529 2270 mihi.
553 2209 663 2269 ‘rectius
675 2219 728 2270 hoc
741 2231 800 2285 est,

32 2318 69 2355 135
85 2311 135 2357 boc
149 2309 244 2357 faciens
257 2310 341 2357 vivam
354 2311 459 2358 melius.
487 2310 522 2358 sic
537 2308 618 2357 duleis
632 2308 724 2357 01111010

85 2413 232 2445 occurram.
261 2398 310 2445 hoc
324 2399 430 2460 quidam
443 2413 497 2447 non
508 2398 587 2446 belle:
608 2397 736 2458 numquid
752 2414 804 2464 ego
816 2398 852 2448 illi

85 2486 224 2549 inprudens
238 2487 299 2534 olim
312 2487 408 2536 faciam
421 2485 538 2535 similei’
555 2486 619 2534 haec
632 2498 680 2548 ego
694 2499 803 2537 mecum

79 2575 226 2640 conpressis
239 2576 311 2642 agito
325 2576 419 2640 labris,
441 2576 486 2624 ubi
499 2575 561 2639 quid
575 2574 648 2622 datur
661 2575 715 2634 oti,
