1770 2984
128 160 161 208 18
416 153 581 195 onnmnun

126 319 230 381 proeliis
243 319 343 367 audax.
369 332 453 379 neque
466 325 490 365 te
503 315 598 375 silebo,

125 406 218 468 Liber,
235 417 259 456 et
271 406 352 456 saevis
365 406 472 454 inimica
484 406 556 467 virgo

127 495 221 555 beluis,
236 510 284 544 neo
296 503 335 556 te,
350 494 488 543 metuende
500 501 571 543 certa

124 581 230 632 Phoebe
242 584 349 647 sagitta.

71 731 96 770 at
124 723 210 773 dicam
222 734 248 774 et
259 724 384 785 Alciden,
398 737 543 788 puerosque
555 721 657 780 Ledae,

124 812 192 863 hunc
206 814 292 876 equis,
307 814 380 862 illum
392 827 512 876 superare
523 810 616 875 pugnis

123 902 254 962 nobilem
270 917 380 965 qnorum
393 900 469 950 simul
482 899 542 948 alba
554 897 639 948 nautis

122 990 194 1040 stella
206 991 320 1052 refulsit,

123 1132 210 1182 defluit
222 1134 291 1182 saxis
304 1133 416 1196 agitatus
429 1145 517 1190 umor,

70 1227 95 1265 eo
123 1221 262 1270 concidunt
275 1222 343 1271 venti
357 1221 511 1286 fugiuntque
523 1215 618 1276 nubes,

122 1317 147 1358 et
160 1310 263 1371 minax,
278 1310 348 1372 quod
361 1310 396 1358 sic
409 1308 527 1367 volnere,
540 1312 620 1369 ponto

120 1396 191 1444 unda
203 1397 343 1446 recumbit.

120 1537 261 1587 Romulum
273 1546 333 1602 post
345 1538 392 1586 hos
405 1538 490 1601 prius,
505 1552 539 1586 an
551 1536 667 1599 quietum

120 1627 233 1690 Pompili
245 1641 353 1690 regnum
366 1639 521 1685 memorem,
537 1640 570 1673 an
582 1623 706 1689 superbos

67 1721 92 1760 et
120 1714 245 1776 Tarquini
259 1715 348 1774 fascis,
364 1713 469 1773 dubito,
483 1729 517 1762 an
530 1712 636 1763 Catonis

120 1802 206 1851 nobile
218 1803 313 1852 letum.

119 1942 246 2008 Regulum
259 1952 284 1994 et
297 1945 407 1995 Scauros
419 1945 571 2006 animaeque
584 1955 695 2007 magnae

119 2032 256 2097 prodigum
268 2033 388 2083 Paullum
400 2042 536 2097 superante
549 2032 637 2081 Poeno

118 2130 205 2184 gratus
218 2122 313 2186 insigni
325 2123 435 2172 referam
448 2136 555 2171 camena

65 2217 91 2255 40
118 2207 328 2274 Fabricinmqne.

117 2351 187 2400 huno
199 2360 224 2401 et
236 2354 373 2417 incomptis
385 2352 494 2402 Curium
507 2351 608 2415 capillis

116 2441 207 2490 utilem
220 2441 286 2491 bello
299 2443 358 2492 tulit
371 2450 395 2492 et
408 2441 546 2491 Camillum

117 2544 192 2578 saeva
205 2538 342 2595 paupertas
354 2541 379 2581 et
392 2532 474 2580 avitus
486 2539 547 2595 apto

116 2634 174 2667 cum
188 2620 241 2669 lare
254 2620 360 2669 fundus.
