<?xml version="1.0" encoding="UTF-8"?>
<!DOCTYPE html PUBLIC "-//W3C//DTD XHTML 1.0 Transitional//EN"
    "http://www.w3.org/TR/xhtml1/DTD/xhtml1-transitional.dtd">
<html xmlns="http://www.w3.org/1999/xhtml" xml:lang="en" lang="en">
 <head>
  <title>
</title>
<meta http-equiv="Content-Type" content="text/html;charset=utf-8" />
  <meta name='ocr-system' content='tesseract 3.04.00' />
  <meta name='ocr-capabilities' content='ocr_page ocr_carea ocr_par ocr_line ocrx_word'/>
</head>
<body>
  <div class='ocr_page' id='page_1' title='image "./qhoratiflacciop00vahlgoog_0316.png"; bbox 0 0 1770 2984; ppageno 0'>
   <div class='ocr_carea' id='block_1_1' title="bbox 374 193 506 234">
    <p class='ocr_par' dir='ltr' id='par_1_1' title="bbox 374 193 506 234">
     <span class='ocr_line' id='line_1_1' title="bbox 374 193 506 234; baseline 0 -1"><span class='ocrx_word' id='word_1_1' title='bbox 374 193 467 234; x_wconf 72' lang='lat' dir='ltr'>LIBER</span> <span class='ocrx_word' id='word_1_2' title='bbox 482 194 506 233; x_wconf 88' lang='lat'><strong>1.</strong></span> 
     </span>
    </p>
   </div>
   <div class='ocr_carea' id='block_1_2' title="bbox 10 355 866 1037">
    <p class='ocr_par' dir='ltr' id='par_1_2' title="bbox 10 355 866 1037">
     <span class='ocr_line' id='line_1_2' title="bbox 10 355 718 420; baseline 0.007 -21"><span class='ocrx_word' id='word_1_3' title='bbox 10 361 53 401; x_wconf 78' lang='lat'><strong>105</strong></span> <span class='ocrx_word' id='word_1_4' title='bbox 70 369 149 417; x_wconf 91' lang='lat' dir='ltr'><strong>quem</strong></span> <span class='ocrx_word' id='word_1_5' title='bbox 161 355 283 404; x_wconf 82' lang='lat' dir='ltr'>Mandela</span> <span class='ocrx_word' id='word_1_6' title='bbox 296 356 378 416; x_wconf 81' lang='lat' dir='ltr'><strong>bibit,</strong></span> <span class='ocrx_word' id='word_1_7' title='bbox 392 369 499 420; x_wconf 85' lang='lat' dir='ltr'><strong>rugosus</strong></span> <span class='ocrx_word' id='word_1_8' title='bbox 513 355 609 420; x_wconf 84' lang='lat' dir='ltr'>frigore</span> <span class='ocrx_word' id='word_1_9' title='bbox 622 371 718 419; x_wconf 77' lang='lat' dir='ltr'><strong>pagna,</strong></span> 
     </span>
     <span class='ocr_line' id='line_1_3' title="bbox 68 443 779 508; baseline 0.001 -17"><span class='ocrx_word' id='word_1_10' title='bbox 68 444 131 506; x_wconf 92' lang='lat' dir='ltr'><strong>qnid</strong></span> <span class='ocrx_word' id='word_1_11' title='bbox 144 445 237 493; x_wconf 92' lang='lat' dir='ltr'><strong>sentire</strong></span> <span class='ocrx_word' id='word_1_12' title='bbox 250 453 342 507; x_wconf 89' lang='lat' dir='ltr'><strong>putas,</strong></span> <span class='ocrx_word' id='word_1_13' title='bbox 358 443 420 506; x_wconf 90' lang='lat' dir='ltr'><strong>quid</strong></span> <span class='ocrx_word' id='word_1_14' title='bbox 434 445 530 504; x_wconf 89' lang='lat' dir='ltr'><strong>credis,</strong></span> <span class='ocrx_word' id='word_1_15' title='bbox 547 446 645 504; x_wconf 80' lang='lat' dir='ltr'><strong>amice,</strong></span> <span class='ocrx_word' id='word_1_16' title='bbox 660 444 779 508; x_wconf 73' lang='lat' dir='ltr'><strong>precari?</strong></span> 
     </span>
     <span class='ocr_line' id='line_1_4' title="bbox 66 531 851 594; baseline 0.003 -13"><span class='ocrx_word' id='word_1_17' title='bbox 66 531 117 581; x_wconf 90' lang='lat' dir='ltr'><strong>‘sit</strong></span> <span class='ocrx_word' id='word_1_18' title='bbox 129 531 195 580; x_wconf 87' lang='lat' dir='ltr'><strong>mihi</strong></span> <span class='ocrx_word' id='word_1_19' title='bbox 209 533 277 594; x_wconf 90' lang='lat' dir='ltr'><strong>qnod</strong></span> <span class='ocrx_word' id='word_1_20' title='bbox 291 546 361 580; x_wconf 89' lang='lat' dir='ltr'><strong>nune</strong></span> <span class='ocrx_word' id='word_1_21' title='bbox 374 541 426 591; x_wconf 91' lang='lat' dir='ltr'><strong>est,</strong></span> <span class='ocrx_word' id='word_1_22' title='bbox 442 533 521 581; x_wconf 89' lang='lat' dir='ltr'><strong>etiam</strong></span> <span class='ocrx_word' id='word_1_23' title='bbox 536 535 636 594; x_wconf 88' lang='lat' dir='ltr'><strong>minus,</strong></span> <span class='ocrx_word' id='word_1_24' title='bbox 652 541 676 582; x_wconf 93' lang='lat' dir='ltr'><strong>et</strong></span> <span class='ocrx_word' id='word_1_25' title='bbox 688 533 754 582; x_wconf 91' lang='lat' dir='ltr'><strong>mihi</strong></span> <span class='ocrx_word' id='word_1_26' title='bbox 766 533 851 583; x_wconf 89' lang='lat' dir='ltr'><strong>vivam</strong></span> 
     </span>
     <span class='ocr_line' id='line_1_5' title="bbox 68 620 745 685; baseline 0.003 -17"><span class='ocrx_word' id='word_1_27' title='bbox 68 621 138 682; x_wconf 91' lang='lat' dir='ltr'><strong>quod</strong></span> <span class='ocrx_word' id='word_1_28' title='bbox 152 627 266 684; x_wconf 82' lang='lat' dir='ltr'>superest</span> <span class='ocrx_word' id='word_1_29' title='bbox 279 620 350 680; x_wconf 85' lang='lat' dir='ltr'><strong>aevi,</strong></span> <span class='ocrx_word' id='word_1_30' title='bbox 366 621 449 684; x_wconf 88' lang='lat' dir='ltr'><strong>siquid</strong></span> <span class='ocrx_word' id='word_1_31' title='bbox 463 637 591 685; x_wconf 80' lang='lat' dir='ltr'>superesse</span> <span class='ocrx_word' id='word_1_32' title='bbox 603 622 693 671; x_wconf 89' lang='lat' dir='ltr'><strong>volunt</strong></span> <span class='ocrx_word' id='word_1_33' title='bbox 706 622 745 670; x_wconf 92' lang='lat' dir='ltr'><strong>di:</strong></span> 
     </span>
     <span class='ocr_line' id='line_1_6' title="bbox 68 707 734 775; baseline 0.005 -19"><span class='ocrx_word' id='word_1_34' title='bbox 68 709 102 756; x_wconf 90' lang='lat' dir='ltr'><strong>sit</strong></span> <span class='ocrx_word' id='word_1_35' title='bbox 114 707 184 757; x_wconf 91' lang='lat' dir='ltr'><strong>bona</strong></span> <span class='ocrx_word' id='word_1_36' title='bbox 196 708 323 757; x_wconf 90' lang='lat' dir='ltr'><strong>librorum</strong></span> <span class='ocrx_word' id='word_1_37' title='bbox 336 716 361 757; x_wconf 92' lang='lat' dir='ltr'><strong>et</strong></span> <span class='ocrx_word' id='word_1_38' title='bbox 373 711 491 771; x_wconf 85' lang='lat' dir='ltr'><strong>provisae</strong></span> <span class='ocrx_word' id='word_1_39' title='bbox 503 711 584 775; x_wconf 83' lang='lat' dir='ltr'><strong>frugis</strong></span> <span class='ocrx_word' id='word_1_40' title='bbox 596 712 624 760; x_wconf 92' lang='lat' dir='ltr'><strong>in</strong></span> <span class='ocrx_word' id='word_1_41' title='bbox 636 725 734 759; x_wconf 87' lang='lat' dir='ltr'><strong>annum</strong></span> 
     </span>
     <span class='ocr_line' id='line_1_7' title="bbox 10 796 747 862; baseline 0.008 -21"><span class='ocrx_word' id='word_1_42' title='bbox 10 802 53 841; x_wconf 77' lang='lat'><strong>110</strong></span> <span class='ocrx_word' id='word_1_43' title='bbox 68 797 159 860; x_wconf 86' lang='lat' dir='ltr'><strong>copia,</strong></span> <span class='ocrx_word' id='word_1_44' title='bbox 174 811 225 845; x_wconf 90' lang='lat' dir='ltr'><strong>neu</strong></span> <span class='ocrx_word' id='word_1_45' title='bbox 238 796 336 846; x_wconf 90' lang='lat' dir='ltr'><strong>fluitem</strong></span> <span class='ocrx_word' id='word_1_46' title='bbox 349 797 444 848; x_wconf 89' lang='lat' dir='ltr'><strong>dubiae</strong></span> <span class='ocrx_word' id='word_1_47' title='bbox 456 813 500 862; x_wconf 88' lang='lat' dir='ltr'><strong>spe</strong></span> <span class='ocrx_word' id='word_1_48' title='bbox 513 799 639 862; x_wconf 88' lang='lat' dir='ltr'><strong>pendulus</strong></span> <span class='ocrx_word' id='word_1_49' title='bbox 652 798 747 847; x_wconf 87' lang='lat' dir='ltr'><strong>horae.</strong></span> 
     </span>
     <span class='ocr_line' id='line_1_8' title="bbox 67 885 736 949; baseline 0.001 -15"><span class='ocrx_word' id='word_1_50' title='bbox 67 885 110 934; x_wconf 89' lang='lat' dir='ltr'><strong>sed</strong></span> <span class='ocrx_word' id='word_1_51' title='bbox 123 885 185 935; x_wconf 89' lang='lat' dir='ltr'><strong>satis</strong></span> <span class='ocrx_word' id='word_1_52' title='bbox 198 894 235 935; x_wconf 89' lang='lat' dir='ltr'><strong>est</strong></span> <span class='ocrx_word' id='word_1_53' title='bbox 248 900 322 935; x_wconf 91' lang='lat' dir='ltr'><strong>orare</strong></span> <span class='ocrx_word' id='word_1_54' title='bbox 333 886 438 946; x_wconf 84' lang='lat' dir='ltr'><strong>Iovem,</strong></span> <span class='ocrx_word' id='word_1_55' title='bbox 454 887 498 948; x_wconf 93' lang='lat' dir='ltr'><strong>qui</strong></span> <span class='ocrx_word' id='word_1_56' title='bbox 512 887 585 949; x_wconf 87' lang='lat' dir='ltr'><strong>ponit</strong></span> <span class='ocrx_word' id='word_1_57' title='bbox 599 895 623 936; x_wconf 88' lang='lat' dir='ltr'><strong>et</strong></span> <span class='ocrx_word' id='word_1_58' title='bbox 636 886 736 947; x_wconf 81' lang='lat' dir='ltr'>aufert,</span> 
     </span>
     <span class='ocr_line' id='line_1_9' title="bbox 20 964 866 1037; baseline 0.002 -17"><span class='ocrx_word' id='word_1_59' title='bbox 20 1013 25 1020; x_wconf 90' lang='lat'><em>.</em></span> <span class='ocrx_word' id='word_1_60' title='bbox 68 973 217 1035; x_wconf 75' lang='lat' dir='ltr'><strong>detritam,</strong></span> <span class='ocrx_word' id='word_1_61' title='bbox 233 975 276 1023; x_wconf 86' lang='lat' dir='ltr'><strong>det</strong></span> <span class='ocrx_word' id='word_1_62' title='bbox 289 989 366 1037; x_wconf 83' lang='lat' dir='ltr'><strong>opes3</strong></span> <span class='ocrx_word' id='word_1_63' title='bbox 382 988 493 1036; x_wconf 87' lang='lat' dir='ltr'><strong>aequum</strong></span> <span class='ocrx_word' id='word_1_64' title='bbox 506 977 541 1022; x_wconf 91' lang='lat' dir='ltr'><strong>mi</strong></span> <span class='ocrx_word' id='word_1_65' title='bbox 555 975 672 1023; x_wconf 88' lang='lat' dir='ltr'><strong>animum</strong></span> <span class='ocrx_word' id='word_1_66' title='bbox 684 964 866 1037; x_wconf 83' lang='lat' dir='ltr'><strong>ipseparab0.&#39;</strong></span> 
     </span>
    </p>
   </div>
   <div class='ocr_carea' id='block_1_3' title="bbox 382 1326 502 1376">
    <p class='ocr_par' dir='ltr' id='par_1_3' title="bbox 382 1326 502 1376">
     <span class='ocr_line' id='line_1_10' title="bbox 382 1326 502 1376; baseline 0 -2"><span class='ocrx_word' id='word_1_67' title='bbox 382 1326 502 1376; x_wconf 90' lang='lat' dir='ltr'>XVIIII.</span> 
     </span>
    </p>
   </div>
   <div class='ocr_carea' id='block_1_4' title="bbox 13 1502 770 2790">
    <p class='ocr_par' dir='ltr' id='par_1_4' title="bbox 63 1502 770 1834">
     <span class='ocr_line' id='line_1_11' title="bbox 64 1502 689 1564; baseline -0.002 -10"><span class='ocrx_word' id='word_1_68' title='bbox 64 1505 154 1554; x_wconf 88' lang='lat' dir='ltr'><strong>Prisco</strong></span> <span class='ocrx_word' id='word_1_69' title='bbox 168 1505 189 1553; x_wconf 94' lang='lat' dir='ltr'><strong>si</strong></span> <span class='ocrx_word' id='word_1_70' title='bbox 202 1504 297 1564; x_wconf 85' lang='lat' dir='ltr'><strong>credis,</strong></span> <span class='ocrx_word' id='word_1_71' title='bbox 312 1504 449 1554; x_wconf 82' lang='lat' dir='ltr'>Maecenas</span> <span class='ocrx_word' id='word_1_72' title='bbox 462 1505 551 1563; x_wconf 91' lang='lat' dir='ltr'><strong>docte,</strong></span> <span class='ocrx_word' id='word_1_73' title='bbox 568 1502 689 1563; x_wconf 83' lang='lat' dir='ltr'><strong>Cratino,</strong></span> 
     </span>
     <span class='ocr_line' id='line_1_12' title="bbox 63 1592 717 1656; baseline 0 -15"><span class='ocrx_word' id='word_1_74' title='bbox 63 1592 136 1641; x_wconf 86' lang='lat' dir='ltr'><strong>nulla</strong></span> <span class='ocrx_word' id='word_1_75' title='bbox 148 1592 249 1656; x_wconf 81' lang='lat' dir='ltr'><strong>placere</strong></span> <span class='ocrx_word' id='word_1_76' title='bbox 262 1592 307 1640; x_wconf 92' lang='lat' dir='ltr'><strong>diu</strong></span> <span class='ocrx_word' id='word_1_77' title='bbox 320 1606 373 1654; x_wconf 86' lang='lat' dir='ltr'><strong>nec¹</strong></span> <span class='ocrx_word' id='word_1_78' title='bbox 381 1593 467 1642; x_wconf 86' lang='lat' dir='ltr'><strong>vivere</strong></span> <span class='ocrx_word' id='word_1_79' title='bbox 481 1593 597 1642; x_wconf 87' lang='lat' dir='ltr'><strong>carmina</strong></span> <span class='ocrx_word' id='word_1_80' title='bbox 609 1602 717 1656; x_wconf 86' lang='lat' dir='ltr'><strong>possunt</strong></span> 
     </span>
     <span class='ocr_line' id='line_1_13' title="bbox 64 1681 770 1744; baseline 0 -15"><span class='ocrx_word' id='word_1_81' title='bbox 64 1695 130 1744; x_wconf 90' lang='lat' dir='ltr'><strong>quae</strong></span> <span class='ocrx_word' id='word_1_82' title='bbox 143 1681 290 1730; x_wconf 88' lang='lat' dir='ltr'><strong>scribuntur</strong></span> <span class='ocrx_word' id='word_1_83' title='bbox 302 1695 384 1744; x_wconf 86' lang='lat' dir='ltr'><strong>aquae</strong></span> <span class='ocrx_word' id='word_1_84' title='bbox 396 1681 545 1744; x_wconf 90' lang='lat' dir='ltr'><strong>potoribus.</strong></span> <span class='ocrx_word' id='word_1_85' title='bbox 573 1688 601 1728; x_wconf 91' lang='lat' dir='ltr'><strong>ut</strong></span> <span class='ocrx_word' id='word_1_86' title='bbox 613 1681 680 1729; x_wconf 87' lang='lat' dir='ltr'><strong>male</strong></span> <span class='ocrx_word' id='word_1_87' title='bbox 693 1695 770 1729; x_wconf 85' lang='lat' dir='ltr'><strong>sanos</strong></span> 
     </span>
     <span class='ocr_line' id='line_1_14' title="bbox 63 1768 665 1834; baseline -0.007 -15"><span class='ocrx_word' id='word_1_88' title='bbox 63 1769 200 1832; x_wconf 76' lang='lat' dir='ltr'><strong>adscripsit</strong></span> <span class='ocrx_word' id='word_1_89' title='bbox 212 1768 292 1817; x_wconf 90' lang='lat' dir='ltr'><strong>Liber</strong></span> <span class='ocrx_word' id='word_1_90' title='bbox 304 1769 395 1834; x_wconf 85' lang='lat' dir='ltr'><strong>satyris</strong></span> <span class='ocrx_word' id='word_1_91' title='bbox 409 1770 546 1831; x_wconf 84' lang='lat' dir='ltr'><strong>faunisque</strong></span> <span class='ocrx_word' id='word_1_92' title='bbox 559 1776 665 1831; x_wconf 84' lang='lat' dir='ltr'><strong>poetas,</strong></span> 
     </span>
    </p>

    <p class='ocr_par' dir='ltr' id='par_1_5' title="bbox 24 1857 751 2272">
     <span class='ocr_line' id='line_1_15' title="bbox 24 1857 660 1907; baseline -0.003 -1"><span class='ocrx_word' id='word_1_93' title='bbox 24 1861 47 1906; x_wconf 71' lang='lat' dir='ltr'><strong>&#39;a</strong></span> <span class='ocrx_word' id='word_1_94' title='bbox 61 1858 122 1907; x_wconf 88' lang='lat' dir='ltr'><strong>vina</strong></span> <span class='ocrx_word' id='word_1_95' title='bbox 135 1857 189 1906; x_wconf 85' lang='lat' dir='ltr'><strong>fere</strong></span> <span class='ocrx_word' id='word_1_96' title='bbox 201 1857 287 1906; x_wconf 80' lang='lat' dir='ltr'>dulces</span> <span class='ocrx_word' id='word_1_97' title='bbox 300 1857 421 1906; x_wconf 87' lang='lat' dir='ltr'><strong>oluerunt</strong></span> <span class='ocrx_word' id='word_1_98' title='bbox 433 1871 509 1905; x_wconf 87' lang='lat' dir='ltr'><strong>mane</strong></span> <span class='ocrx_word' id='word_1_99' title='bbox 523 1870 660 1905; x_wconf 84' lang='lat' dir='ltr'><strong>camenae.</strong></span> 
     </span>
     <span class='ocr_line' id='line_1_16' title="bbox 61 1943 647 2010; baseline -0.007 -16"><span class='ocrx_word' id='word_1_100' title='bbox 61 1945 182 1994; x_wconf 87' lang='lat' dir='ltr'><strong>laudibus</strong></span> <span class='ocrx_word' id='word_1_101' title='bbox 196 1945 312 2010; x_wconf 86' lang='lat' dir='ltr'><strong>arguitur</strong></span> <span class='ocrx_word' id='word_1_102' title='bbox 324 1945 379 1994; x_wconf 84' lang='lat' dir='ltr'><strong>vini</strong></span> <span class='ocrx_word' id='word_1_103' title='bbox 390 1945 493 1994; x_wconf 90' lang='lat' dir='ltr'><strong>vinosus</strong></span> <span class='ocrx_word' id='word_1_104' title='bbox 505 1943 647 1992; x_wconf 90' lang='lat' dir='ltr'><strong>Homerus:</strong></span> 
     </span>
     <span class='ocr_line' id='line_1_17' title="bbox 59 2032 751 2097; baseline -0.004 -15"><span class='ocrx_word' id='word_1_105' title='bbox 59 2033 161 2083; x_wconf 82' lang='lat' dir='ltr'><strong>Ennius</strong></span> <span class='ocrx_word' id='word_1_106' title='bbox 173 2035 227 2097; x_wconf 89' lang='lat' dir='ltr'><strong>ipse</strong></span> <span class='ocrx_word' id='word_1_107' title='bbox 239 2040 312 2096; x_wconf 87' lang='lat' dir='ltr'><strong>pater</strong></span> <span class='ocrx_word' id='word_1_108' title='bbox 324 2048 468 2096; x_wconf 86' lang='lat' dir='ltr'><strong>numquam</strong></span> <span class='ocrx_word' id='word_1_109' title='bbox 480 2032 530 2081; x_wconf 89' lang='lat' dir='ltr'><strong>nisi</strong></span> <span class='ocrx_word' id='word_1_110' title='bbox 543 2040 618 2095; x_wconf 88' lang='lat' dir='ltr'><strong>potus</strong></span> <span class='ocrx_word' id='word_1_111' title='bbox 632 2032 664 2079; x_wconf 88' lang='lat' dir='ltr'><strong>ad</strong></span> <span class='ocrx_word' id='word_1_112' title='bbox 678 2046 751 2079; x_wconf 88' lang='lat' dir='ltr'><strong>arma</strong></span> 
     </span>
     <span class='ocr_line' id='line_1_18' title="bbox 60 2115 715 2186; baseline -0.006 -16"><span class='ocrx_word' id='word_1_113' title='bbox 60 2122 181 2186; x_wconf 87' lang='lat' dir='ltr'><strong>prosiluit</strong></span> <span class='ocrx_word' id='word_1_114' title='bbox 193 2122 316 2171; x_wconf 86' lang='lat' dir='ltr'><strong>dicanda.</strong></span> <span class='ocrx_word' id='word_1_115' title='bbox 342 2115 445 2170; x_wconf 86' lang='lat' dir='ltr'><strong>‘forum</strong></span> <span class='ocrx_word' id='word_1_116' title='bbox 458 2120 595 2184; x_wconf 86' lang='lat' dir='ltr'><strong>putealque</strong></span> <span class='ocrx_word' id='word_1_117' title='bbox 608 2118 715 2167; x_wconf 87' lang='lat' dir='ltr'><strong>Libonis</strong></span> 
     </span>
     <span class='ocr_line' id='line_1_19' title="bbox 59 2197 673 2272; baseline -0.005 -13"><span class='ocrx_word' id='word_1_118' title='bbox 59 2209 191 2259; x_wconf 86' lang='lat' dir='ltr'><strong>mandabo</strong></span> <span class='ocrx_word' id='word_1_119' title='bbox 204 2210 296 2272; x_wconf 87' lang='lat' dir='ltr'><strong>siccis,</strong></span> <span class='ocrx_word' id='word_1_120' title='bbox 311 2210 426 2258; x_wconf 89' lang='lat' dir='ltr'><strong>adimam</strong></span> <span class='ocrx_word' id='word_1_121' title='bbox 439 2215 544 2258; x_wconf 89' lang='lat' dir='ltr'><strong>cantare</strong></span> <span class='ocrx_word' id='word_1_122' title='bbox 557 2207 648 2256; x_wconf 89' lang='lat' dir='ltr'><strong>severis</strong></span> <span class='ocrx_word' id='word_1_123' title='bbox 657 2197 673 2258; x_wconf 78' lang='lat'><strong>,³</strong></span> 
     </span>
    </p>

    <p class='ocr_par' dir='ltr' id='par_1_6' title="bbox 13 2297 694 2715">
     <span class='ocr_line' id='line_1_20' title="bbox 13 2297 614 2359; baseline 0 -15"><span class='ocrx_word' id='word_1_124' title='bbox 13 2305 45 2346; x_wconf 82' lang='lat'><strong>10</strong></span> <span class='ocrx_word' id='word_1_125' title='bbox 60 2299 112 2347; x_wconf 90' lang='lat' dir='ltr'><strong>hoc</strong></span> <span class='ocrx_word' id='word_1_126' title='bbox 125 2298 201 2346; x_wconf 90' lang='lat' dir='ltr'><strong>simul</strong></span> <span class='ocrx_word' id='word_1_127' title='bbox 214 2297 299 2358; x_wconf 86' lang='lat' dir='ltr'><strong>edixi,</strong></span> <span class='ocrx_word' id='word_1_128' title='bbox 314 2312 367 2347; x_wconf 90' lang='lat' dir='ltr'><strong>non</strong></span> <span class='ocrx_word' id='word_1_129' title='bbox 380 2312 510 2346; x_wconf 88' lang='lat' dir='ltr'><strong>cessavere</strong></span> <span class='ocrx_word' id='word_1_130' title='bbox 522 2303 614 2359; x_wconf 88' lang='lat' dir='ltr'><strong>poetae</strong></span> 
     </span>
     <span class='ocr_line' id='line_1_21' title="bbox 58 2385 622 2449; baseline -0.002 -14"><span class='ocrx_word' id='word_1_131' title='bbox 58 2393 187 2436; x_wconf 86' lang='lat' dir='ltr'><strong>nocturno</strong></span> <span class='ocrx_word' id='word_1_132' title='bbox 200 2395 297 2436; x_wconf 86' lang='lat' dir='ltr'><strong>certare</strong></span> <span class='ocrx_word' id='word_1_133' title='bbox 310 2400 395 2445; x_wconf 88' lang='lat' dir='ltr'><strong>mero,</strong></span> <span class='ocrx_word' id='word_1_134' title='bbox 411 2394 499 2449; x_wconf 90' lang='lat' dir='ltr'><strong>putere</strong></span> <span class='ocrx_word' id='word_1_135' title='bbox 513 2385 622 2434; x_wconf 87' lang='lat' dir='ltr'><strong>diurno.</strong></span> 
     </span>
     <span class='ocr_line' id='line_1_22' title="bbox 59 2473 694 2539; baseline -0.005 -16"><span class='ocrx_word' id='word_1_136' title='bbox 59 2474 142 2539; x_wconf 78' lang='lat' dir='ltr'><strong>quid?</strong></span> <span class='ocrx_word' id='word_1_137' title='bbox 161 2475 241 2537; x_wconf 92' lang='lat' dir='ltr'><strong>siquis</strong></span> <span class='ocrx_word' id='word_1_138' title='bbox 253 2474 325 2523; x_wconf 86' lang='lat' dir='ltr'><strong>voltu</strong></span> <span class='ocrx_word' id='word_1_139' title='bbox 340 2481 413 2522; x_wconf 88' lang='lat' dir='ltr'><strong>torvo</strong></span> <span class='ocrx_word' id='word_1_140' title='bbox 428 2474 496 2523; x_wconf 85' lang='lat' dir='ltr'><strong>ferus</strong></span> <span class='ocrx_word' id='word_1_141' title='bbox 510 2479 535 2521; x_wconf 89' lang='lat' dir='ltr'><strong>et</strong></span> <span class='ocrx_word' id='word_1_142' title='bbox 547 2473 611 2536; x_wconf 90' lang='lat' dir='ltr'><strong>pede</strong></span> <span class='ocrx_word' id='word_1_143' title='bbox 623 2473 694 2520; x_wconf 90' lang='lat' dir='ltr'><strong>nudo</strong></span> 
     </span>
     <span class='ocr_line' id='line_1_23' title="bbox 58 2544 694 2628; baseline -0.006 -16"><span class='ocrx_word' id='word_1_144' title='bbox 58 2563 220 2627; x_wconf 80' lang='lat' dir='ltr'><strong>exiguaeque</strong></span> <span class='ocrx_word' id='word_1_145' title='bbox 232 2571 309 2628; x_wconf 83' lang='lat' dir='ltr'><strong>togae</strong></span> <span class='ocrx_word' id='word_1_146' title='bbox 321 2544 424 2611; x_wconf 87' lang='lat' dir='ltr'><strong>simulet</strong></span> <span class='ocrx_word' id='word_1_147' title='bbox 438 2569 539 2610; x_wconf 85' lang='lat' dir='ltr'><strong>textore</strong></span> <span class='ocrx_word' id='word_1_148' title='bbox 552 2558 694 2620; x_wconf 85' lang='lat' dir='ltr'><strong>Catonem,</strong></span> 
     </span>
     <span class='ocr_line' id='line_1_24' title="bbox 56 2648 683 2715; baseline -0.008 -14"><span class='ocrx_word' id='word_1_149' title='bbox 56 2652 211 2702; x_wconf 79' lang='lat' dir='ltr'><strong>virtutemne</strong></span> <span class='ocrx_word' id='word_1_150' title='bbox 224 2658 397 2715; x_wconf 87' lang='lat' dir='ltr'><strong>repraesentet</strong></span> <span class='ocrx_word' id='word_1_151' title='bbox 409 2663 543 2711; x_wconf 87' lang='lat' dir='ltr'><strong>moresque</strong></span> <span class='ocrx_word' id='word_1_152' title='bbox 556 2648 683 2699; x_wconf 79' lang='lat' dir='ltr'><strong>Catonis?</strong></span> 
     </span>
    </p>

    <p class='ocr_par' dir='ltr' id='par_1_7' title="bbox 672 2749 721 2790">
     <span class='ocr_line' id='line_1_25' title="bbox 672 2749 721 2790; baseline 0 0"><span class='ocrx_word' id='word_1_153' title='bbox 672 2749 721 2790; x_wconf 56' lang='lat' dir='ltr'><strong>aab</strong></span> 
     </span>
    </p>
   </div>
   <div class='ocr_carea' id='block_1_5' title="bbox 0 0 890 2984">
    <p class='ocr_par' dir='ltr' id='par_1_8' title="bbox 0 0 890 2984">
     <span class='ocr_line' id='line_1_26' title="bbox 0 0 890 2984; baseline 0 2"><span class='ocrx_word' id='word_1_154' title='bbox 0 0 890 2984; x_wconf 95' lang='lat' dir='ltr'><strong> </strong></span> 
     </span>
    </p>
   </div>
  </div>
 </body>
</html>
