1770 2984
366 172 460 214 muna
474 174 498 213 1.

55 335 94 384 nil
107 335 261 384 mortalibus
274 336 385 385 arduist:

57 423 159 473 caelum
171 423 257 486 ipsum
269 424 381 487 petimus
393 423 518 485 stultitia,
533 438 616 487 neque

56 526 102 576 per
114 520 231 561 nostrum
242 513 357 576 patimur
370 510 451 562 scelus

10 609 27 648 ιο
57 600 182 649 iracunda
194 599 282 650 Iovem
294 614 389 664 ponere
401 600 526 650 fulmina.

401 970 468 1021 1111.

60 1143 175 1196 Solvitur
187 1145 253 1195 acris
266 1145 348 1196 hiems
359 1155 433 1211 grata
446 1147 502 1196 vice
515 1146 581 1195 veris
594 1154 619 1196 et
632 1144 731 1206 favoni,

60 1233 218 1297 trahuntque
231 1235 311 1284 siccae
324 1235 461 1285 machinae
473 1235 574 1284 carinas

62 1338 92 1372 ac
105 1338 190 1386 neque
201 1324 255 1371 iam
267 1321 372 1373 stabulis
384 1325 480 1388 gaudet
492 1338 570 1387 pecua
583 1332 627 1374 aut
640 1331 727 1372 araim
740 1323 795 1386 igni

61 1425 108 1461 uec
121 1419 195 1474 prata
208 1411 280 1460 cauis
292 1411 407 1462 albicant
418 1412 532 1475 pruinis.

19 1561 32 1600 ⁶
61 1553 116 1601 iam
129 1551 258 1616 Cytherea
270 1553 363 1603 choros
376 1553 447 1602 ducit
460 1553 549 1602 Venus
562 1553 705 1602 inminente
718 1551 792 1611 luna,

62 1642 217 1703 iunctaeque
229 1640 350 1705 nymphis
363 1641 461 1704 gratiae
474 1642 592 1691 decentes

64 1729 163 1778 alterno
176 1736 272 1778 terram
284 1729 404 1790 quatiunt
415 1731 494 1792 pede,
509 1729 571 1777 dum
577 1743 664 1792 graves
675 1728 813 1792 cyclopum

64 1816 196 1865 Volcanus
209 1817 299 1866 ardens
311 1817 364 1866 urit
376 1817 509 1868 officinas.

64 1972 133 2007 nunc
146 1958 218 2008 decet
231 1966 275 2007 aut
288 1957 362 2006 viridi
375 1958 486 2007 nitidum
500 1963 577 2020 caput
589 1956 706 2019 inpedire
717 1966 812 2020 myrt0,

10 2056 36 2095 ιο
65 2053 110 2094 aut
122 2045 197 2106 flore,
211 2053 295 2095 terrae
308 2060 386 2108 quem
398 2045 483 2094 ferunt
495 2044 609 2104 solutae3

65 2150 135 2183 nunc
149 2142 173 2183 et
186 2134 214 2182 in
225 2133 351 2183 umbrosis
364 2134 454 2182 Fauno
468 2133 540 2182 decet
551 2133 677 2182 inmolare
690 2133 769 2193 lucis,

66 2237 110 2273 seu
123 2230 212 2286 poscat
225 2237 293 2286 agna
306 2223 358 2272 sive
371 2222 445 2271 malit
457 2221 555 2270 haedo.

67 2364 166 2428 pallida
178 2363 250 2414 Mors
270 2378 352 2427 aequo
365 2364 450 2427 pulsat
463 2363 526 2426 pede
539 2377 682 2427 pauperum
695 2362 815 2413 tabernas

37 2477 38 2481 =
66 2466 207 2515 regumque
219 2454 309 2504 turris.
337 2467 352 2500 ο
366 2451 440 2501 beate
453 2451 533 2511 Sesti,

12 2551 39 2591 1t
68 2541 136 2589 vitae
149 2555 250 2589 summa
262 2541 345 2590 brevis
357 2555 428 2604 spem
441 2554 488 2588 nos
500 2546 569 2588 vetat
581 2537 703 2587 incohare
715 2537 836 2601 longam.

69 2629 123 2678 iam
135 2637 160 2679 te
172 2637 271 2692 premet
283 2642 336 2678 nox
350 2627 503 2690 fabulaeque
516 2641 604 2676 manes
