1770 2984
106 223 156 270 155
419 215 540 256 EPODON

105 387 246 428 nocturnus
260 393 393 428 occurram
407 377 493 438 furor,

105 475 243 530 petamque
256 467 340 516 voltus
353 467 445 514 umbre.
457 466 541 515 curvis
554 465 697 530 unguibus,

107 570 172 616 quse
184 556 221 603 vis
235 556 341 606 deorum
355 564 392 604 est
404 556 533 614 munium,

67 648 92 687 et
108 651 133 691 et
145 644 268 705 inquietis
281 644 399 692 adsidens
412 643 568 707 praecordiis

106 746 201 793 pavore
214 746 318 779 somnos
331 732 463 780 auferam.

107 835 151 867 vos
165 820 239 868 turbu
251 821 356 868 vicatim
369 821 430 868 hine
443 828 468 868 et
480 820 542 867 hine
555 820 623 867 saxis
636 825 727 881 petens

108 909 246 956 contundet
259 908 397 957 obscaenas
410 923 486 957 anus.

108 1005 164 1059 post
178 996 305 1059 insepulta
318 997 433 1044 membre
446 995 565 1044 different
578 996 632 1057 lupi

55 1092 93 1129 100
110 1094 133 1133 et
145 1085 295 1147 Esquilinae
308 1085 394 1144 alites,

109 1188 191 1235 neque
203 1173 253 1221 hoe
266 1180 383 1236 parentes
397 1171 447 1220 heu
460 1173 526 1220 mihi
539 1172 683 1236 superstites

109 1261 226 1324 effugerit
239 1260 412 1324 spectaculum
421 1251 437 1307 .'

461 1682 509 1733 VI.

111 1876 181 1934 Quid
194 1878 343 1926 inmerentis
356 1877 468 1938 hospites
481 1892 558 1924 vexus
572 1877 642 1924 cunis

111 1965 217 2027 ignavus
231 1967 364 2014 adversum
378 1965 469 2027 lupos?

112 2054 173 2112 quin
187 2053 236 2100 hue
249 2053 348 2112 inanis,
363 2054 384 2101 si
397 2062 484 2114 potes,
500 2053 576 2100 vertis
590 2053 672 2099 minas

112 2149 136 2186 et
149 2155 190 2186 me
204 2155 376 2188 remorsurum
390 2141 468 2203 petis.

85 2237 97 2273 5
113 2242 173 2274 nam
187 2228 269 2287 qualis
282 2237 326 2275 aut
339 2228 465 2276 Molossus
478 2236 522 2276 aut
535 2228 618 2277 fulvus
631 2227 737 2288 Lacon,

113 2317 196 2362 amica
209 2316 244 2362 vis
257 2316 415 2377 pastoribus,

112 2419 188 2467 egum
201 2418 246 2465 per
259 2404 322 2451 ultus
334 2418 395 2451 aure
408 2403 509 2452 sublata
522 2406 600 2463 nivis,

113 2506 289 2554 quaecumque
301 2493 436 2554 praecedet
448 2492 518 2541 fera.

113 2590 141 2629 tu
154 2596 213 2628 eum
226 2581 340 2628 timenda
352 2596 414 2629 voce
428 2581 553 2643 eonplesti
564 2595 667 2638 nemus,

56 2680 86 2714 ια
96 2672 253 2730 proiectum
268 2671 388 2723 odoraris
402 2669 505 2721 eibum.
