1770 2984
123 155 172 202 162
437 148 556 189 auouou

68 323 94 358 10
122 314 253 362 liberrima
267 311 431 374 indignatio?

122 404 218 450 ‘sectus
231 399 339 465 flagellis
351 399 393 447 hic
406 399 608 449 triumviralibus

122 489 257 554 praeconis
272 489 303 535 ad
316 487 451 536 fastidium
518 476 522 485 ¹

123 588 179 626 arat
192 577 296 625 Falerni
309 576 380 624 mille
394 576 468 624 fundi
480 576 583 639 iugera,

124 675 148 714 et
160 666 275 727 Appiam
288 664 389 713 mannis
402 665 475 723 terit,

71 764 96 799 15
125 754 300 815 sedilibusque
313 766 421 816 maguus
434 752 564 815 inprimis
577 765 654 814 eques

124 842 228 891 Othone
242 848 391 904 contempto
403 840 490 888 sedet.

125 932 186 993 quid
200 931 292 979 attinet
304 937 343 978 tot
355 943 401 976 ora
414 929 520 976 navium
533 927 603 992 gravi

124 1027 233 1067 rostrata
247 1018 305 1065 duci
319 1017 431 1079 pondere

126 1116 215 1155 contra
227 1107 341 1154 latrones
354 1112 431 1166 atque
444 1104 560 1154 servilem
572 1118 694 1163 manum,

73 1204 98 1240 20
126 1197 176 1243 hoc
189 1195 240 1243 hoe
252 1194 356 1243 tribuno
369 1192 514 1241 militum?³

483 1615 517 1666 V.

129 1812 173 1860 ‘At
187 1827 201 1860 o
216 1813 322 1859 deorum
336 1810 460 1871 quidquid
474 1810 501 1856 in
515 1809 586 1857 caelo
599 1809 667 1873 regit

130 1911 210 1950 terras
224 1909 248 1949 et
260 1900 403 1947 humanum
415 1912 509 1960 genua,

131 1991 191 2051 quid
205 1991 251 2037 iste
265 1988 314 2037 fert
326 1986 467 2036 tumultus?
485 1993 511 2035 et
523 1986 585 2048 quid
598 1985 715 2034 omnium

130 2077 212 2125 voltus
225 2078 251 2124 in
265 2091 345 2124 unum
358 2090 398 2123 me
411 2073 514 2122 truces?

91 2175 102 2209 5
131 2180 175 2226 pei·
186 2165 280 2212 liberos
292 2173 331 2223 te,
346 2164 368 2211 si
380 2171 472 2211 vocata
483 2162 606 2224 partubus

130 2252 229 2298 Lucina
241 2252 306 2299 veris
319 2250 417 2310 adfuit,

130 2355 175 2402 per
187 2339 237 2386 hoc
249 2340 326 2386 inane
339 2352 467 2399 purpurae
480 2338 557 2386 decus
570 2352 673 2401 precor,

131 2444 175 2490 per
188 2426 386 2490 inprobaturum
399 2425 463 2473 haee
475 2425 577 2485 Iovem,

132 2517 193 2578 quid
206 2526 234 2563 ut
246 2529 356 2563 noverca
368 2528 409 2561 me
422 2513 529 2561 intueris
543 2522 587 2563 aut
599 2514 638 2562 uti

78 2615 103 2650 ιο
131 2603 415 2667 petituferrobeluat’
