1770 2984
276 187 371 233 LIBER
386 187 445 228 1111.

63 368 96 400 on
110 353 173 400 haec
190 351 255 400 mihi
268 352 316 411 vis,
332 366 379 400 neo
393 352 440 399 tibi
454 351 544 398 talium

63 452 78 489 tt
92 449 136 488 aut
149 440 250 489 animus
262 439 411 489 deliciarum
423 454 513 502 egens.

63 545 85 578 es
99 529 272 587 carminibus3
294 528 410 576 carmina
424 542 556 591 possumus

63 633 99 678 re,
113 626 138 666 et
151 618 261 680 pretium
275 617 357 665 dicere
370 616 494 666 muneris.

64 778 135 824 noisa
148 777 216 825 notis
229 789 359 823 marmora
371 773 495 837 publicis,

65 880 112 913 uae
124 866 228 929 spiritus
241 873 266 912 et
279 864 331 911 vita
344 862 410 911 redit
422 862 497 912 bonis

66 962 168 1002 nortem
182 952 291 1001 ducibus
307 949 369 1016 [non
382 951 475 1000 celeres
489 951 567 1015 fugae

66 1056 146 1103 aeque
159 1050 299 1090 retrorsum
312 1039 465 1088 Hannibalis
478 1041 575 1100 minae,

67 1130 173 1178 neendia
185 1128 351 1190 Carthaginis
363 1128 463 1190 inpiae,

67 1219 99 1279 *ui
112 1218 211 1266 domita
224 1232 319 1265 nomen
332 1216 365 1264 ab
379 1215 469 1263 Africa

68 1321 100 1354 ¹us
113 1305 200 1368 rediit]
210 1341 216 1366 ,
233 1305 326 1353 elarius
337 1304 454 1352 indicant

68 1410 75 1442 s
89 1409 167 1456 quam
180 1394 307 1443 Calabrae
320 1393 450 1451 Pierides3
472 1407 553 1455 neque

70 1561 123 1602 rtae
136 1554 228 1603 sileant
241 1553 309 1615 quod
324 1551 388 1601 bene
401 1551 504 1612 feceris,

70 1642 127 1691 dem
140 1642 240 1690 tuleris.
268 1641 329 1703 quid
344 1640 411 1688 soret
422 1639 485 1689 Iliae

69 1732 158 1792 rtisqne
171 1745 247 1792 puer,
263 1731 284 1778 si
298 1729 459 1778 taciturnitas

72 1829 95 1867 et
108 1819 205 1867 meritis
217 1818 305 1865 invida
317 1816 439 1864 Romuli?

74 1992 100 2024 m
113 1976 208 2041 Stygiis
219 1975 339 2025 fluctibus
352 1976 468 2025 Aeacum
514 1964 517 1969 ’

76 2073 101 2113 et
114 2064 186 2113 favor
199 2071 224 2113 et
236 2064 324 2126 lingua
335 2065 481 2125 potentium

84 2153 203 2201 divitibus
216 2159 349 2201 consecrat
361 2151 463 2201 insulis.

72 2257 101 2288 ,m
114 2240 190 2289 laude
203 2241 286 2289 vimm
299 2241 375 2288 Musa
386 2248 456 2289 vetat
468 2242 559 2306 mori]

72 2331 142 2377 Musa
154 2329 225 2378 beat.
253 2329 289 2377 sio
301 2328 370 2378 Iovis
381 2330 487 2378 interest

72 2486 77 2517 s
91 2470 172 2534 epulis
184 2470 286 2535 inpiger
297 2469 433 2532 Hercules,

72 2573 79 2606 ι
93 2559 258 2623 Tyndaridae
271 2559 340 2608 sidus
354 2559 386 2608 ab
398 2559 494 2608 infimis

72 2663 86 2694 ,s
99 2647 210 2709 eripiunt
223 2648 377 2712 aequoribus
389 2649 463 2706 ratis,
