1770 2984
111 183 162 230 272
375 168 602 213 samosetanum

112 355 160 388 nec
173 352 265 401 sequar
277 343 322 386 aut
335 334 436 396 fugiam
449 345 516 395 quoe
529 330 622 396 diligit
634 332 697 396 ipse
710 333 751 383 vel
763 333 824 388 odit,

114 428 176 475 olim
189 425 259 489 quod
273 424 361 487 volpes
372 428 477 486 aegroto
490 428 570 468 cauta
584 419 661 469 leoni

113 515 246 577 respondit
258 513 382 562 referam:
403 509 479 572 ‘quia
491 522 533 557 me
545 509 664 572 vestigia
678 518 791 570 terrent,

61 613 87 651 ro
116 603 203 651 omnin
217 611 241 651 te
254 602 387 650 adversum
400 595 558 660 spectantia,
575 597 654 646 nulla
668 608 812 650 retrorsum
820 597 833 649 .’

116 691 192 740 belua
211 689 353 738 multorum
365 702 391 738 es
403 685 534 749 capitum.
563 699 630 734 nam
644 687 715 749 quid
729 702 817 751 sequen
826 699 847 734 au

488 773 587 836 quemi

116 883 174 930 pars
186 865 322 914 hominum
335 863 410 928 gestit
422 864 565 912 conducere
578 862 709 925 publica;
732 872 792 914 suut
803 863 840 926 qni

117 956 207 1004 crustis
222 962 246 1003 et
258 953 343 1017 pomis
355 951 445 1001 viduas
457 957 582 999 venentur
595 965 695 1002 avaras

118 1043 300 1106 excipiantque
313 1055 386 1090 senes
399 1054 463 1103 quos
475 1038 502 1086 in
515 1037 618 1087 vivona
629 1040 761 1102 mittant3

66 1141 91 1178 so
119 1131 208 1181 multis
222 1129 323 1179 occulto
336 1129 428 1178 crescit
440 1141 480 1176 res
493 1125 599 1177 fenore.
627 1142 726 1177 verum

119 1230 174 1270 esto
187 1219 245 1268 aliis
257 1219 323 1267 alios
335 1216 411 1266 rebus
423 1215 566 1277 studiisque
579 1216 685 1265 teneri:

120 1309 189 1356 idem
203 1308 292 1356 eadem
305 1313 410 1369 possunt
423 1305 515 1353 horam
528 1302 622 1353 durare
635 1306 805 1366 probantes?

120 1395 222 1444 ‘nullus
236 1396 263 1444 in
277 1394 339 1444 orbe
352 1394 422 1442 sinus
436 1391 507 1441 Baiis
519 1391 654 1454 praelucet
667 1388 802 1445 amoenis'

122 1485 144 1532 si
157 1484 224 1532 dixit
236 1484 321 1542 dives,
336 1482 408 1530 lacus
419 1490 445 1530 et
458 1494 528 1530 mere
540 1479 617 1528 sentit
630 1495 760 1534 umorem

70 1581 95 1619 es
123 1570 268 1620 festinantis
281 1571 333 1620 eri:
355 1569 432 1619 enisi
446 1569 539 1618 vitiosa
550 1567 633 1615 libido

124 1659 214 1708 fecerit
227 1659 387 1722 auspicium,
402 1672 459 1706 cras
470 1657 626 1706 ferramenta
639 1656 772 1708 Teanum

124 1748 233 1807 tolletis,
250 1747 333 1795 fabri.
360 1747 439 1795 lectus
452 1744 561 1809 genialis
573 1744 601 1793 in
615 1745 718 1796 aulast:

124 1837 161 1884 nil
175 1837 212 1885 ait
224 1850 275 1885 esse
289 1835 373 1898 prius,
388 1833 479 1883 melius
491 1832 528 1881 nil
541 1831 639 1881 caelibe
654 1833 728 1884 vita:

125 1926 145 1973 si
160 1939 213 1972 non
226 1930 278 1983 est,
293 1924 361 1972 iurat
373 1923 439 1972 benc
452 1922 515 1970 solis
527 1934 580 1969 esse
594 1922 717 1975 maritis.

72 2023 98 2059 co
127 2027 177 2074 quo
191 2022 292 2061 teneam
305 2013 388 2061 voltus
401 2018 546 2060 mutantem
558 2008 654 2058 Proteo
668 2013 766 2061 nodo?

126 2101 187 2161 quid
200 2099 317 2164 pauperi
335 2100 405 2149 ride:
427 2105 509 2147 mutat
522 2096 662 2158 cenaculo,
679 2099 783 2163 lectos,

126 2188 234 2247 balnea,
250 2198 378 2247 tonsores,
393 2187 521 2236 conducto
535 2185 639 2249 navigio
652 2200 741 2250 aeque

125 2284 232 2324 nauseat
245 2291 275 2323 ac
288 2275 402 2338 locuples
416 2289 492 2338 quem
504 2273 575 2322 ducit
587 2273 661 2335 privs
675 2276 816 2330 triremis.

126 2363 146 2410 si
160 2370 262 2410 curatus
274 2363 404 2426 inaequali
416 2371 519 2413 tonsore
532 2360 642 2424 capillos

74 2458 99 2496 so
128 2463 252 2508 occurro,
267 2450 347 2509 rides3
368 2453 389 2499 si
402 2451 468 2500 forte
480 2448 606 2506 'subucula
618 2463 706 2512 pexae

127 2538 187 2587 trita
200 2538 284 2585 subest
297 2538 399 2588 tunicae
412 2540 451 2588 vel
463 2540 484 2588 si
496 2547 557 2603 toge
570 2537 677 2586 dissidet
689 2539 791 2604 inpar,

128 2627 208 2675 rides:
231 2625 309 2687 quid,
324 2641 382 2675 mea
395 2641 454 2674 cum
467 2634 564 2690 pugnat
576 2626 706 2674 sententia
719 2643 833 2696 secum,
