1770 2984
368 170 463 210 mann
478 171 501 209 1.
756 175 806 224 201

63 347 150 380 omnes
163 333 191 380 hi
204 341 322 382 metuunt
335 348 432 393 versus,
449 334 526 383 odere
539 342 640 396 poetas.

62 420 182 469 ‘foenum
195 421 273 470 habet
286 422 314 469 in
328 435 424 482 cornu,
439 423 515 486 longe
528 423 604 485 fuge:
627 423 768 471 dummodo
781 423 859 472 risum

10 518 32 556 35
63 510 178 558 excutiat
190 509 251 570 sibi,
267 525 320 558 non
334 510 377 559 hic
390 511 511 573 cuiquam
523 519 610 573 parcet
623 512 723 571 amico,

63 606 86 645 et
100 598 280 659 quodcumque
294 597 372 647 semel
385 599 478 646 chartis
490 599 621 659 inleverit,
637 601 722 648 omnis

61 687 154 748 gestiet
167 702 183 734 a
196 686 273 734 furno
288 686 417 735 redeuntis
430 687 494 736 scire
506 687 629 749 lacuque,

62 780 87 822 et
100 788 192 836 pueros
205 781 230 824 et
243 775 327 823 anus.³
354 776 479 838 agedum,
494 790 577 837 panca
590 775 679 839 accipe
693 783 796 826 eontra.

62 863 146 923 primo
160 876 208 926 ego
222 878 262 912 me
275 862 393 923 illorum,
415 863 529 912 dederim
542 864 635 925 quibus
648 877 700 912 esse
713 863 808 925 poetis,

62 964 200 1012 excerpam
213 965 335 1000 numero:
356 966 440 1013 neque
453 952 521 1000 enim
534 952 686 1000 concludere
699 966 798 999 versum

63 1039 158 1088 dixeris
171 1054 222 1088 csse
235 1040 310 1100 satim
332 1054 415 1102 neque
427 1040 494 1101 siqui
506 1040 600 1088 scribat
613 1041 650 1088 uti
663 1054 710 1088 nos

61 1128 174 1175 sermoni
187 1129 324 1191 propiora,
339 1136 412 1191 putes
424 1127 493 1176 hune
506 1142 560 1176 esse
572 1135 690 1190 poetam.

62 1215 195 1276 ingenium
209 1216 250 1263 cui
263 1216 308 1274 sit,
324 1217 365 1264 eui
378 1231 449 1265 mens
461 1216 573 1264 divinior
586 1223 663 1277 atque
676 1230 705 1264 os

63 1318 158 1366 magna
171 1312 333 1364 sanaturum,
349 1304 393 1353 des
405 1305 519 1354 nominis
532 1304 610 1352 huius
623 1304 762 1353 honorem.

63 1392 159 1439 idcirco
173 1391 280 1452 quidum
293 1394 428 1442 comoedia
440 1408 521 1443 necne
534 1408 629 1456 poema

63 1488 125 1528 esset
139 1479 298 1541 quaesivere,
314 1481 385 1542 quod
398 1497 456 1531 scer
468 1481 571 1545 spiritus
584 1496 614 1530 ae
627 1482 664 1529 vis

62 1582 109 1616 neo
123 1567 206 1615 uerbis
219 1583 266 1616 nec
279 1568 354 1617 rebus
366 1570 445 1630 inest,
460 1571 510 1619 nisi
523 1571 592 1633 quod
605 1571 670 1633 pede
683 1578 752 1618 certo

63 1654 148 1704 differt
161 1656 286 1716 sermoni,
302 1671 385 1706 sermo
399 1672 498 1709 merus.
524 1657 560 1706 ‘at
572 1666 647 1720 pater
660 1658 751 1706 ardens

64 1745 156 1805 saevit,
173 1745 242 1806 quod
255 1745 388 1794 meretrice
400 1760 479 1807 nepos
491 1746 596 1794 insanus
610 1746 694 1793 amica

10 1843 16 1854 '
64 1832 131 1880 filius
145 1847 255 1880 uxorem
268 1833 360 1897 grandi
375 1848 434 1882 curn
447 1834 506 1882 dote
519 1839 629 1890 recuset,

65 1921 149 1969 ebrius
163 1930 198 1980 et,
215 1935 337 1983 magnum
352 1923 421 1983 quod
434 1922 556 1981 dedecus,
572 1919 686 1968 ambulet
699 1925 757 1966 ante

62 2018 165 2057 noctem
179 2024 238 2056 cum
251 1993 385 2059 fecibusss'
401 2009 529 2072 numquid
541 2007 701 2071 Pomponius
714 2007 769 2055 istis

63 2097 164 2145 audiret
177 2096 287 2156 leviore,
302 2104 375 2159 pater
388 2098 409 2144 si
421 2093 536 2149 viveret?
556 2111 615 2160 ergo

65 2199 119 2233 non
132 2186 193 2233 sutis
208 2192 245 2233 est
257 2185 329 2248 puris
341 2199 441 2234 versum
454 2184 609 2247 perscribere
622 2182 718 2244 verbis,

10 2285 16 2296 ¹
64 2288 141 2334 quem
154 2272 175 2320 si
188 2273 322 2332 dissolvas,
339 2273 422 2335 quivis
434 2272 608 2321 stomachetur
620 2272 709 2320 eodem

63 2375 114 2422 quo
128 2368 278 2423 personatus
290 2369 367 2424 puoto
380 2368 467 2424 pater.
482 2360 538 2421 his,
553 2374 601 2424 ego
615 2374 680 2421 quae
693 2375 777 2419 nnnc,

63 2449 125 2496 olim
139 2462 204 2510 quae
217 2448 317 2510 scripsit
329 2448 460 2510 Lucilius,
475 2449 569 2512 eripias
581 2449 603 2498 si

63 2546 180 2598 tempora
200 2543 268 2585 certa
287 2537 428 2600 modosque
447 2544 471 2586 et
490 2538 559 2599 quod
571 2537 641 2599 prius
653 2536 743 2584 ordine
755 2550 807 2584 ver·

434 2625 520 2675 bumst
672 2670 683 2696 ,
