<?xml version="1.0" encoding="UTF-8"?>
<!DOCTYPE html PUBLIC "-//W3C//DTD XHTML 1.0 Transitional//EN"
    "http://www.w3.org/TR/xhtml1/DTD/xhtml1-transitional.dtd">
<html xmlns="http://www.w3.org/1999/xhtml" xml:lang="en" lang="en">
 <head>
  <title>
</title>
<meta http-equiv="Content-Type" content="text/html;charset=utf-8" />
  <meta name='ocr-system' content='tesseract 3.04.00' />
  <meta name='ocr-capabilities' content='ocr_page ocr_carea ocr_par ocr_line ocrx_word'/>
</head>
<body>
  <div class='ocr_page' id='page_1' title='image "./qhoratiflacciop00vahlgoog_0223.png"; bbox 0 0 1770 2984; ppageno 0'>
   <div class='ocr_carea' id='block_1_1' title="bbox 117 169 573 225">
    <p class='ocr_par' dir='ltr' id='par_1_1' title="bbox 117 169 573 225">
     <span class='ocr_line' id='line_1_1' title="bbox 117 169 573 225; baseline -0.007 -13"><span class='ocrx_word' id='word_1_1' title='bbox 117 177 169 225; x_wconf 80' lang='lat'><strong>214</strong></span> <span class='ocrx_word' id='word_1_2' title='bbox 394 169 573 211; x_wconf 72' lang='lat' dir='ltr'><strong>sarruauun</strong></span> 
     </span>
    </p>
   </div>
   <div class='ocr_carea' id='block_1_2' title="bbox 62 332 868 1103">
    <p class='ocr_par' dir='ltr' id='par_1_2' title="bbox 116 332 868 485">
     <span class='ocr_line' id='line_1_2' title="bbox 117 332 868 398; baseline 0.001 -15"><span class='ocrx_word' id='word_1_3' title='bbox 117 343 161 384; x_wconf 88' lang='lat' dir='ltr'><strong>aut</strong></span> <span class='ocrx_word' id='word_1_4' title='bbox 174 335 268 397; x_wconf 86' lang='lat' dir='ltr'><strong>scripto</strong></span> <span class='ocrx_word' id='word_1_5' title='bbox 282 333 351 396; x_wconf 86' lang='lat' dir='ltr'><strong>quod</strong></span> <span class='ocrx_word' id='word_1_6' title='bbox 365 347 405 382; x_wconf 90' lang='lat' dir='ltr'><strong>me</strong></span> <span class='ocrx_word' id='word_1_7' title='bbox 418 332 527 382; x_wconf 84' lang='lat' dir='ltr'><strong>tacitum</strong></span> <span class='ocrx_word' id='word_1_8' title='bbox 539 333 622 383; x_wconf 88' lang='lat' dir='ltr'><strong>iuvet.</strong></span> <span class='ocrx_word' id='word_1_9' title='bbox 651 347 763 398; x_wconf 83' lang='lat' dir='ltr'><strong>unguor</strong></span> <span class='ocrx_word' id='word_1_10' title='bbox 777 334 868 396; x_wconf 86' lang='lat' dir='ltr'><strong>olivo,</strong></span> 
     </span>
     <span class='ocr_line' id='line_1_3' title="bbox 116 419 760 485; baseline 0.002 -15"><span class='ocrx_word' id='word_1_11' title='bbox 116 437 168 470; x_wconf 88' lang='lat' dir='ltr'><strong>non</strong></span> <span class='ocrx_word' id='word_1_12' title='bbox 183 436 234 485; x_wconf 90' lang='lat' dir='ltr'><strong>quo</strong></span> <span class='ocrx_word' id='word_1_13' title='bbox 248 421 373 470; x_wconf 84' lang='lat' dir='ltr'><strong>fraudatis</strong></span> <span class='ocrx_word' id='word_1_14' title='bbox 385 422 524 470; x_wconf 86' lang='lat' dir='ltr'><strong>inmundus</strong></span> <span class='ocrx_word' id='word_1_15' title='bbox 536 419 615 470; x_wconf 82' lang='lat' dir='ltr'><strong>Natta</strong></span> <span class='ocrx_word' id='word_1_16' title='bbox 627 421 760 471; x_wconf 85' lang='lat' dir='ltr'><strong>lucernis.</strong></span> 
     </span>
    </p>

    <p class='ocr_par' dir='ltr' id='par_1_3' title="bbox 63 509 827 925">
     <span class='ocr_line' id='line_1_4' title="bbox 63 509 701 559; baseline -0.002 0"><span class='ocrx_word' id='word_1_17' title='bbox 63 519 102 559; x_wconf 80' lang='lat' dir='ltr'><strong>rat</strong></span> <span class='ocrx_word' id='word_1_18' title='bbox 117 523 155 559; x_wconf 86' lang='lat' dir='ltr'><strong>ast</strong></span> <span class='ocrx_word' id='word_1_19' title='bbox 166 511 212 558; x_wconf 89' lang='lat' dir='ltr'><strong>ubi</strong></span> <span class='ocrx_word' id='word_1_20' title='bbox 226 524 266 558; x_wconf 89' lang='lat' dir='ltr'><strong>me</strong></span> <span class='ocrx_word' id='word_1_21' title='bbox 281 509 375 559; x_wconf 87' lang='lat' dir='ltr'><strong>fessum</strong></span> <span class='ocrx_word' id='word_1_22' title='bbox 387 509 427 557; x_wconf 90' lang='lat' dir='ltr'><strong>sol</strong></span> <span class='ocrx_word' id='word_1_23' title='bbox 439 509 524 558; x_wconf 84' lang='lat' dir='ltr'><strong>aerior</strong></span> <span class='ocrx_word' id='word_1_24' title='bbox 535 510 573 558; x_wconf 90' lang='lat' dir='ltr'><strong>ire</strong></span> <span class='ocrx_word' id='word_1_25' title='bbox 583 509 701 558; x_wconf 80' lang='lat' dir='ltr'><strong>lavatum</strong></span> 
     </span>
     <span class='ocr_line' id='line_1_5' title="bbox 115 597 806 662; baseline 0.003 -16"><span class='ocrx_word' id='word_1_26' title='bbox 115 599 265 657; x_wconf 84' lang='lat' dir='ltr'>admonuit,</span> <span class='ocrx_word' id='word_1_27' title='bbox 281 597 355 662; x_wconf 87' lang='lat' dir='ltr'><strong>fugio</strong></span> <span class='ocrx_word' id='word_1_28' title='bbox 368 612 490 660; x_wconf 85' lang='lat' dir='ltr'><strong>eampum</strong></span> <span class='ocrx_word' id='word_1_29' title='bbox 501 597 637 659; x_wconf 89' lang='lat' dir='ltr'><strong>lusumque</strong></span> <span class='ocrx_word' id='word_1_30' title='bbox 650 598 806 660; x_wconf 80' lang='lat' dir='ltr'><strong>trigonam.</strong></span> 
     </span>
     <span class='ocr_line' id='line_1_6' title="bbox 114 685 785 750; baseline 0.001 -16"><span class='ocrx_word' id='word_1_31' title='bbox 114 701 223 750; x_wconf 84' lang='lat' dir='ltr'><strong>pransus</strong></span> <span class='ocrx_word' id='word_1_32' title='bbox 236 700 288 735; x_wconf 90' lang='lat' dir='ltr'><strong>non</strong></span> <span class='ocrx_word' id='word_1_33' title='bbox 302 685 391 745; x_wconf 85' lang='lat' dir='ltr'><strong>aride,</strong></span> <span class='ocrx_word' id='word_1_34' title='bbox 407 694 533 748; x_wconf 89' lang='lat' dir='ltr'><strong>quantum</strong></span> <span class='ocrx_word' id='word_1_35' title='bbox 545 685 689 748; x_wconf 84' lang='lat' dir='ltr'><strong>interpellet</strong></span> <span class='ocrx_word' id='word_1_36' title='bbox 703 687 785 735; x_wconf 85' lang='lat' dir='ltr'><strong>inani</strong></span> 
     </span>
     <span class='ocr_line' id='line_1_7' title="bbox 114 773 827 834; baseline 0.004 -11"><span class='ocrx_word' id='word_1_37' title='bbox 114 783 201 824; x_wconf 85' lang='lat' dir='ltr'><strong>ventre</strong></span> <span class='ocrx_word' id='word_1_38' title='bbox 214 775 282 823; x_wconf 86' lang='lat' dir='ltr'><strong>diem</strong></span> <span class='ocrx_word' id='word_1_39' title='bbox 295 775 403 834; x_wconf 84' lang='lat' dir='ltr'><strong>durare,</strong></span> <span class='ocrx_word' id='word_1_40' title='bbox 418 774 573 823; x_wconf 84' lang='lat' dir='ltr'><strong>domesticus</strong></span> <span class='ocrx_word' id='word_1_41' title='bbox 586 773 671 822; x_wconf 88' lang='lat' dir='ltr'><strong>otior.</strong></span> <span class='ocrx_word' id='word_1_42' title='bbox 698 773 769 825; x_wconf 85' lang='lat' dir='ltr'><strong>haec</strong></span> <span class='ocrx_word' id='word_1_43' title='bbox 784 784 827 826; x_wconf 86' lang='lat' dir='ltr'><strong>est</strong></span> 
     </span>
     <span class='ocr_line' id='line_1_8' title="bbox 115 862 736 925; baseline 0.002 -14"><span class='ocrx_word' id='word_1_44' title='bbox 115 865 168 913; x_wconf 87' lang='lat' dir='ltr'><strong>vita</strong></span> <span class='ocrx_word' id='word_1_45' title='bbox 180 864 323 913; x_wconf 89' lang='lat' dir='ltr'><strong>solutorum</strong></span> <span class='ocrx_word' id='word_1_46' title='bbox 335 863 428 911; x_wconf 88' lang='lat' dir='ltr'><strong>misera</strong></span> <span class='ocrx_word' id='word_1_47' title='bbox 441 862 582 912; x_wconf 78' lang='lat' dir='ltr'><strong>ambitione</strong></span> <span class='ocrx_word' id='word_1_48' title='bbox 593 862 719 925; x_wconf 82' lang='lat' dir='ltr'><strong>gravique</strong></span> <span class='ocrx_word' id='word_1_49' title='bbox 729 880 736 923; x_wconf 89' lang='lat'>;</span> 
     </span>
    </p>

    <p class='ocr_par' dir='ltr' id='par_1_4' title="bbox 62 950 867 1103">
     <span class='ocr_line' id='line_1_9' title="bbox 62 950 668 1001; baseline 0.002 -4"><span class='ocrx_word' id='word_1_50' title='bbox 62 961 100 998; x_wconf 84' lang='lat' dir='ltr'><strong>rao</strong></span> <span class='ocrx_word' id='word_1_51' title='bbox 115 952 155 1000; x_wconf 91' lang='lat' dir='ltr'><strong>his</strong></span> <span class='ocrx_word' id='word_1_52' title='bbox 168 967 208 1000; x_wconf 92' lang='lat' dir='ltr'><strong>me</strong></span> <span class='ocrx_word' id='word_1_53' title='bbox 221 950 339 1001; x_wconf 85' lang='lat' dir='ltr'><strong>consolor</strong></span> <span class='ocrx_word' id='word_1_54' title='bbox 351 951 479 1000; x_wconf 85' lang='lat' dir='ltr'><strong>victurum</strong></span> <span class='ocrx_word' id='word_1_55' title='bbox 491 951 592 999; x_wconf 80' lang='lat' dir='ltr'><strong>suavius</strong></span> <span class='ocrx_word' id='word_1_56' title='bbox 604 965 635 999; x_wconf 85' lang='lat' dir='ltr'><strong>ac</strong></span> <span class='ocrx_word' id='word_1_57' title='bbox 647 951 668 999; x_wconf 88' lang='lat' dir='ltr'><strong>si</strong></span> 
     </span>
     <span class='ocr_line' id='line_1_10' title="bbox 115 1040 867 1103; baseline 0.012 -17"><span class='ocrx_word' id='word_1_58' title='bbox 115 1048 232 1103; x_wconf 80' lang='lat' dir='ltr'>quaestor</span> <span class='ocrx_word' id='word_1_59' title='bbox 245 1055 305 1089; x_wconf 78' lang='lat' dir='ltr'><strong>avus</strong></span> <span class='ocrx_word' id='word_1_60' title='bbox 317 1047 391 1102; x_wconf 87' lang='lat' dir='ltr'><strong>pater</strong></span> <span class='ocrx_word' id='word_1_61' title='bbox 403 1048 480 1102; x_wconf 87' lang='lat' dir='ltr'><strong>atque</strong></span> <span class='ocrx_word' id='word_1_62' title='bbox 492 1054 564 1088; x_wconf 89' lang='lat' dir='ltr'><strong>meus</strong></span> <span class='ocrx_word' id='word_1_63' title='bbox 576 1046 739 1102; x_wconf 83' lang='lat' dir='ltr'><strong>patruusque</strong></span> <span class='ocrx_word' id='word_1_64' title='bbox 753 1040 867 1095; x_wconf 80' lang='lat' dir='ltr'><strong>fuisset.</strong></span> 
     </span>
    </p>
   </div>
   <div class='ocr_carea' id='block_1_3' title="bbox 410 1235 568 1242">
    <p class='ocr_par' dir='ltr' id='par_1_5' title="bbox 410 1235 568 1242">
     <span class='ocr_line' id='line_1_11' title="bbox 410 1235 568 1242; baseline -0.006 0"><span class='ocrx_word' id='word_1_65' title='bbox 410 1235 568 1242; x_wconf 65' lang='lat'>—————</span> 
     </span>
    </p>
   </div>
   <div class='ocr_carea' id='block_1_4' title="bbox 453 1391 519 1439">
    <p class='ocr_par' dir='ltr' id='par_1_6' title="bbox 453 1391 519 1439">
     <span class='ocr_line' id='line_1_12' title="bbox 453 1391 519 1439; baseline 0.015 -1"><span class='ocrx_word' id='word_1_66' title='bbox 453 1391 519 1439; x_wconf 90' lang='lat' dir='ltr'>VII.</span> 
     </span>
    </p>
   </div>
   <div class='ocr_carea' id='block_1_5' title="bbox 60 1567 878 2689">
    <p class='ocr_par' dir='ltr' id='par_1_7' title="bbox 60 1567 878 2689">
     <span class='ocr_line' id='line_1_13' title="bbox 112 1567 739 1632; baseline -0.003 -14"><span class='ocrx_word' id='word_1_67' title='bbox 112 1570 252 1632; x_wconf 79' lang='lat' dir='ltr'><strong>Proscripti</strong></span> <span class='ocrx_word' id='word_1_68' title='bbox 266 1567 342 1632; x_wconf 84' lang='lat' dir='ltr'><strong>Regis</strong></span> <span class='ocrx_word' id='word_1_69' title='bbox 355 1568 443 1631; x_wconf 87' lang='lat' dir='ltr'><strong>Rupili</strong></span> <span class='ocrx_word' id='word_1_70' title='bbox 457 1583 504 1631; x_wconf 88' lang='lat' dir='ltr'><strong>pus</strong></span> <span class='ocrx_word' id='word_1_71' title='bbox 519 1576 595 1631; x_wconf 89' lang='lat' dir='ltr'><strong>atque</strong></span> <span class='ocrx_word' id='word_1_72' title='bbox 608 1581 739 1616; x_wconf 82' lang='lat' dir='ltr'><strong>venenum</strong></span> 
     </span>
     <span class='ocr_line' id='line_1_14' title="bbox 112 1655 746 1722; baseline -0.002 -17"><span class='ocrx_word' id='word_1_73' title='bbox 112 1658 221 1722; x_wconf 74' lang='lat' dir='ltr'><strong>hybrida</strong></span> <span class='ocrx_word' id='word_1_74' title='bbox 234 1672 286 1719; x_wconf 90' lang='lat' dir='ltr'><strong>quo</strong></span> <span class='ocrx_word' id='word_1_75' title='bbox 301 1666 377 1720; x_wconf 86' lang='lat' dir='ltr'><strong>paeto</strong></span> <span class='ocrx_word' id='word_1_76' title='bbox 390 1657 424 1705; x_wconf 91' lang='lat' dir='ltr'><strong>sit</strong></span> <span class='ocrx_word' id='word_1_77' title='bbox 437 1657 538 1705; x_wconf 86' lang='lat' dir='ltr'><strong>Persius</strong></span> <span class='ocrx_word' id='word_1_78' title='bbox 551 1657 633 1714; x_wconf 88' lang='lat' dir='ltr'><strong>ultus,</strong></span> <span class='ocrx_word' id='word_1_79' title='bbox 649 1655 746 1718; x_wconf 87' lang='lat' dir='ltr'><strong>opinor</strong></span> 
     </span>
     <span class='ocr_line' id='line_1_15' title="bbox 113 1743 741 1808; baseline -0.005 -14"><span class='ocrx_word' id='word_1_80' title='bbox 113 1747 232 1794; x_wconf 88' lang='lat' dir='ltr'><strong>omnibus</strong></span> <span class='ocrx_word' id='word_1_81' title='bbox 246 1755 270 1794; x_wconf 86' lang='lat' dir='ltr'><strong>ot</strong></span> <span class='ocrx_word' id='word_1_82' title='bbox 282 1745 360 1808; x_wconf 89' lang='lat' dir='ltr'><strong>lippis</strong></span> <span class='ocrx_word' id='word_1_83' title='bbox 372 1752 462 1793; x_wconf 89' lang='lat' dir='ltr'><strong>notum</strong></span> <span class='ocrx_word' id='word_1_84' title='bbox 476 1751 501 1793; x_wconf 89' lang='lat' dir='ltr'><strong>et</strong></span> <span class='ocrx_word' id='word_1_85' title='bbox 514 1743 658 1793; x_wconf 85' lang='lat' dir='ltr'><strong>tonsoribus</strong></span> <span class='ocrx_word' id='word_1_86' title='bbox 672 1757 741 1792; x_wconf 86' lang='lat' dir='ltr'><strong>esse.</strong></span> 
     </span>
     <span class='ocr_line' id='line_1_16' title="bbox 113 1830 752 1897; baseline -0.005 -13"><span class='ocrx_word' id='word_1_87' title='bbox 113 1835 215 1884; x_wconf 86' lang='lat' dir='ltr'><strong>Persius</strong></span> <span class='ocrx_word' id='word_1_88' title='bbox 227 1835 269 1882; x_wconf 87' lang='lat' dir='ltr'><strong>hic</strong></span> <span class='ocrx_word' id='word_1_89' title='bbox 283 1847 425 1897; x_wconf 86' lang='lat' dir='ltr'><strong>permagna</strong></span> <span class='ocrx_word' id='word_1_90' title='bbox 437 1833 542 1896; x_wconf 86' lang='lat' dir='ltr'><strong>negotia</strong></span> <span class='ocrx_word' id='word_1_91' title='bbox 555 1832 623 1880; x_wconf 79' lang='lat' dir='ltr'><strong>dives</strong></span> <span class='ocrx_word' id='word_1_92' title='bbox 636 1830 752 1881; x_wconf 86' lang='lat' dir='ltr'><strong>habebat</strong></span> 
     </span>
     <span class='ocr_line' id='line_1_17' title="bbox 72 1919 759 1982; baseline -0.007 -9"><span class='ocrx_word' id='word_1_93' title='bbox 72 1928 84 1967; x_wconf 73' lang='grc' dir='ltr'>ὅ</span> <span class='ocrx_word' id='word_1_94' title='bbox 112 1923 286 1982; x_wconf 82' lang='lat' dir='ltr'><strong>Clazomenis,</strong></span> <span class='ocrx_word' id='word_1_95' title='bbox 301 1931 326 1971; x_wconf 89' lang='lat' dir='ltr'><strong>et</strong></span> <span class='ocrx_word' id='word_1_96' title='bbox 338 1922 391 1970; x_wconf 90' lang='lat' dir='ltr'><strong>iam</strong></span> <span class='ocrx_word' id='word_1_97' title='bbox 403 1921 456 1970; x_wconf 91' lang='lat' dir='ltr'><strong>litis</strong></span> <span class='ocrx_word' id='word_1_98' title='bbox 469 1935 528 1969; x_wconf 87' lang='lat' dir='ltr'><strong>oum</strong></span> <span class='ocrx_word' id='word_1_99' title='bbox 540 1920 609 1981; x_wconf 83' lang='lat' dir='ltr'><strong>Rege</strong></span> <span class='ocrx_word' id='word_1_100' title='bbox 623 1919 759 1980; x_wconf 87' lang='lat' dir='ltr'><strong>molestas,</strong></span> 
     </span>
     <span class='ocr_line' id='line_1_18' title="bbox 112 2007 856 2074; baseline -0.003 -16"><span class='ocrx_word' id='word_1_101' title='bbox 112 2013 189 2060; x_wconf 86' lang='lat' dir='ltr'><strong>durus</strong></span> <span class='ocrx_word' id='word_1_102' title='bbox 202 2012 281 2059; x_wconf 90' lang='lat' dir='ltr'><strong>homo</strong></span> <span class='ocrx_word' id='word_1_103' title='bbox 295 2019 372 2072; x_wconf 90' lang='lat' dir='ltr'><strong>atque</strong></span> <span class='ocrx_word' id='word_1_104' title='bbox 386 2010 446 2058; x_wconf 86' lang='lat' dir='ltr'><strong>odio</strong></span> <span class='ocrx_word' id='word_1_105' title='bbox 460 2009 505 2071; x_wconf 89' lang='lat' dir='ltr'><strong>qui</strong></span> <span class='ocrx_word' id='word_1_106' title='bbox 518 2016 602 2070; x_wconf 86' lang='lat' dir='ltr'><strong>posset</strong></span> <span class='ocrx_word' id='word_1_107' title='bbox 614 2008 714 2056; x_wconf 81' lang='lat' dir='ltr'><strong>rinoore</strong></span> <span class='ocrx_word' id='word_1_108' title='bbox 728 2007 856 2074; x_wconf 82' lang='lat' dir='ltr'><strong>Regem,</strong></span> 
     </span>
     <span class='ocr_line' id='line_1_19' title="bbox 112 2095 764 2161; baseline -0.006 -15"><span class='ocrx_word' id='word_1_109' title='bbox 112 2100 242 2147; x_wconf 78' lang='lat' dir='ltr'><strong>confidens</strong></span> <span class='ocrx_word' id='word_1_110' title='bbox 256 2098 434 2161; x_wconf 87' lang='lat' dir='ltr'><strong>tumidusque,</strong></span> <span class='ocrx_word' id='word_1_111' title='bbox 450 2098 513 2145; x_wconf 87' lang='lat' dir='ltr'><strong>adeo</strong></span> <span class='ocrx_word' id='word_1_112' title='bbox 527 2095 649 2144; x_wconf 87' lang='lat' dir='ltr'><strong>sermonis</strong></span> <span class='ocrx_word' id='word_1_113' title='bbox 662 2097 764 2156; x_wconf 88' lang='lat' dir='ltr'><strong>amari,</strong></span> 
     </span>
     <span class='ocr_line' id='line_1_20' title="bbox 113 2183 759 2248; baseline 0.006 -16"><span class='ocrx_word' id='word_1_114' title='bbox 113 2184 248 2246; x_wconf 73' lang='lat' dir='ltr'><strong>sisennas,</strong></span> <span class='ocrx_word' id='word_1_115' title='bbox 263 2188 356 2234; x_wconf 87' lang='lat' dir='ltr'><strong>Barros</strong></span> <span class='ocrx_word' id='word_1_116' title='bbox 370 2197 397 2236; x_wconf 92' lang='lat' dir='ltr'><strong>ut</strong></span> <span class='ocrx_word' id='word_1_117' title='bbox 410 2187 481 2248; x_wconf 85' lang='lat' dir='ltr'><strong>equis</strong></span> <span class='ocrx_word' id='word_1_118' title='bbox 494 2191 668 2246; x_wconf 84' lang='lat' dir='ltr'><strong>praecurreret</strong></span> <span class='ocrx_word' id='word_1_119' title='bbox 680 2183 759 2236; x_wconf 89' lang='lat' dir='ltr'><strong>albis.</strong></span> 
     </span>
     <span class='ocr_line' id='line_1_21' title="bbox 112 2272 846 2340; baseline 0.003 -19"><span class='ocrx_word' id='word_1_120' title='bbox 112 2274 144 2321; x_wconf 89' lang='lat' dir='ltr'><strong>ad</strong></span> <span class='ocrx_word' id='word_1_121' title='bbox 157 2273 254 2337; x_wconf 84' lang='lat' dir='ltr'><strong>Regem</strong></span> <span class='ocrx_word' id='word_1_122' title='bbox 267 2274 355 2322; x_wconf 87' lang='lat' dir='ltr'><strong>redeo.</strong></span> <span class='ocrx_word' id='word_1_123' title='bbox 385 2282 521 2337; x_wconf 89' lang='lat' dir='ltr'><strong>postquam</strong></span> <span class='ocrx_word' id='word_1_124' title='bbox 533 2272 599 2320; x_wconf 89' lang='lat' dir='ltr'><strong>nihil</strong></span> <span class='ocrx_word' id='word_1_125' title='bbox 611 2272 678 2321; x_wconf 87' lang='lat' dir='ltr'><strong>inter</strong></span> <span class='ocrx_word' id='word_1_126' title='bbox 690 2278 846 2340; x_wconf 88' lang='lat' dir='ltr'><strong>utrumque</strong></span> 
     </span>
     <span class='ocr_line' id='line_1_22' title="bbox 60 2358 779 2423; baseline 0.007 -18"><span class='ocrx_word' id='word_1_127' title='bbox 60 2370 85 2406; x_wconf 85' lang='lat' dir='ltr'><strong>ro</strong></span> <span class='ocrx_word' id='word_1_128' title='bbox 113 2360 232 2409; x_wconf 87' lang='lat' dir='ltr'><strong>convenit</strong></span> <span class='ocrx_word' id='word_1_129' title='bbox 247 2358 307 2423; x_wconf 84' lang='lat' dir='ltr'><strong>(hoc</strong></span> <span class='ocrx_word' id='word_1_130' title='bbox 320 2362 415 2409; x_wconf 89' lang='lat' dir='ltr'><strong>etenim</strong></span> <span class='ocrx_word' id='word_1_131' title='bbox 428 2369 488 2411; x_wconf 88' lang='lat' dir='ltr'><strong>sunt</strong></span> <span class='ocrx_word' id='word_1_132' title='bbox 500 2374 588 2409; x_wconf 85' lang='lat' dir='ltr'><strong>omnes</strong></span> <span class='ocrx_word' id='word_1_133' title='bbox 602 2360 657 2409; x_wconf 92' lang='lat' dir='ltr'><strong>iure</strong></span> <span class='ocrx_word' id='word_1_134' title='bbox 671 2360 779 2410; x_wconf 85' lang='lat' dir='ltr'><strong>molesti</strong></span> 
     </span>
     <span class='ocr_line' id='line_1_23' title="bbox 113 2447 847 2510; baseline 0.004 -15"><span class='ocrx_word' id='word_1_135' title='bbox 113 2463 164 2510; x_wconf 90' lang='lat' dir='ltr'><strong>quo</strong></span> <span class='ocrx_word' id='word_1_136' title='bbox 178 2448 258 2496; x_wconf 87' lang='lat' dir='ltr'><strong>fortes</strong></span> <span class='ocrx_word' id='word_1_137' title='bbox 270 2447 363 2508; x_wconf 87' lang='lat' dir='ltr'><strong>quibus</strong></span> <span class='ocrx_word' id='word_1_138' title='bbox 375 2449 511 2497; x_wconf 87' lang='lat' dir='ltr'><strong>adversum</strong></span> <span class='ocrx_word' id='word_1_139' title='bbox 524 2448 620 2497; x_wconf 90' lang='lat' dir='ltr'><strong>bellum</strong></span> <span class='ocrx_word' id='word_1_140' title='bbox 633 2448 740 2496; x_wconf 83' lang='lat' dir='ltr'><strong>incidit.</strong></span> <span class='ocrx_word' id='word_1_141' title='bbox 771 2451 847 2503; x_wconf 83' lang='lat' dir='ltr'><strong>inter</strong></span> 
     </span>
     <span class='ocr_line' id='line_1_24' title="bbox 112 2535 878 2598; baseline 0.004 -15"><span class='ocrx_word' id='word_1_142' title='bbox 112 2537 224 2585; x_wconf 80' lang='lat' dir='ltr'><strong>Hectora</strong></span> <span class='ocrx_word' id='word_1_143' title='bbox 236 2535 399 2594; x_wconf 82' lang='lat' dir='ltr'><strong>Priamiden,</strong></span> <span class='ocrx_word' id='word_1_144' title='bbox 415 2536 561 2584; x_wconf 85' lang='lat' dir='ltr'><strong>animosum</strong></span> <span class='ocrx_word' id='word_1_145' title='bbox 573 2543 650 2598; x_wconf 91' lang='lat' dir='ltr'><strong>atque</strong></span> <span class='ocrx_word' id='word_1_146' title='bbox 663 2536 732 2582; x_wconf 82' lang='lat' dir='ltr'><strong>inter</strong></span> <span class='ocrx_word' id='word_1_147' title='bbox 746 2535 878 2593; x_wconf 77' lang='lat' dir='ltr'><strong>Achillen</strong></span> 
     </span>
     <span class='ocr_line' id='line_1_25' title="bbox 109 2622 743 2689; baseline -0.002 -18"><span class='ocrx_word' id='word_1_148' title='bbox 109 2625 148 2672; x_wconf 84' lang='lat' dir='ltr'><strong>ira</strong></span> <span class='ocrx_word' id='word_1_149' title='bbox 162 2625 213 2674; x_wconf 80' lang='lat' dir='ltr'><strong>fuit</strong></span> <span class='ocrx_word' id='word_1_150' title='bbox 229 2622 360 2689; x_wconf 87' lang='lat' dir='ltr'><strong>capitalis,</strong></span> <span class='ocrx_word' id='word_1_151' title='bbox 376 2630 404 2671; x_wconf 91' lang='lat' dir='ltr'><strong>ut</strong></span> <span class='ocrx_word' id='word_1_152' title='bbox 416 2623 507 2670; x_wconf 81' lang='lat' dir='ltr'><strong>ultima</strong></span> <span class='ocrx_word' id='word_1_153' title='bbox 521 2624 643 2672; x_wconf 85' lang='lat' dir='ltr'><strong>divideret</strong></span> <span class='ocrx_word' id='word_1_154' title='bbox 656 2637 743 2684; x_wconf 87' lang='lat' dir='ltr'><strong>mors,</strong></span> 
     </span>
    </p>
   </div>
   <div class='ocr_carea' id='block_1_6' title="bbox 0 0 898 2984">
    <p class='ocr_par' dir='ltr' id='par_1_8' title="bbox 0 0 898 2984">
     <span class='ocr_line' id='line_1_26' title="bbox 0 0 898 2984; baseline 0 0"><span class='ocrx_word' id='word_1_155' title='bbox 0 0 898 2984; x_wconf 95' lang='lat' dir='ltr'><strong> </strong></span> 
     </span>
    </p>
   </div>
  </div>
 </body>
</html>
