1770 2984
114 222 165 269 170
424 215 544 257 uuouou

113 380 149 428 sol
164 380 275 442 adspicit
287 380 440 441 conopium.

113 477 138 517 at
151 468 203 516 huo
216 468 348 518 frementis
361 475 490 517 verterunt
501 467 541 516 bis
554 467 623 517 mille
636 483 719 531 equos

113 554 183 604 Galli
197 564 316 626 canentes
330 555 480 617 Caesarem,

113 644 297 706 hostiliumque
310 645 417 692 navium
430 652 507 708 portu
519 644 599 693 latent

113 748 210 796 puppes
223 734 396 782 sinistrorsum
409 733 491 781 citae.

113 823 138 870 io
153 822 308 884 Triumphe,
324 828 352 868 tu
365 821 474 868 moraris
486 835 577 870 aureos

113 926 202 958 currus
215 918 240 958 et
252 911 361 958 intactas
374 909 463 969 boves,

112 999 139 1047 io
154 998 310 1060 Triumphe,
325 1012 373 1045 nec
385 997 537 1060 Iugurthino
551 1011 641 1060 parem

113 1087 182 1135 bello
195 1087 330 1149 reportasti
343 1086 433 1134 ducem

114 1191 197 1238 neque
210 1175 329 1224 Africani
342 1175 383 1223 cui
396 1188 473 1236 super
486 1172 671 1237 Carthaginem

113 1266 192 1312 virtus
205 1265 349 1327 sepulcrum
362 1262 490 1311 condidit.

113 1361 180 1400 terra
193 1354 309 1415 marique
323 1353 406 1400 vietus
419 1351 499 1399 hostis
512 1349 608 1414 punico

111 1441 218 1504 lugubre
231 1442 340 1490 mutavit
352 1454 455 1504 sagum,

112 1537 156 1577 aut
168 1529 212 1577 ille
225 1536 327 1578 centum
339 1529 453 1578 nobilem
467 1526 570 1577 Cretam
583 1526 690 1575 urbibus

111 1618 192 1665 ventis
204 1616 287 1665 iturus
300 1633 353 1665 non
365 1619 429 1676 suis,

112 1707 265 1754 exercitatas
279 1715 323 1754 aut
335 1708 399 1769 petit
412 1705 494 1767 Syrtis
506 1712 582 1763 uot0‚

112 1803 156 1842 aut
170 1795 250 1843 fertur
262 1795 359 1842 incerto
373 1794 450 1840 mari.

111 1884 259 1946 capaciores
272 1882 345 1930 adfer
357 1882 423 1939 hue,
439 1894 514 1941 puer,
530 1879 640 1942 scyphos

113 1979 137 2019 et
149 1972 215 2021 Chia
228 1972 288 2019 vina
301 1979 345 2018 aut
358 1968 465 2026 Lesbia,

74 2069 81 2076 '
112 2060 150 2108 vel
164 2062 232 2121 quod
245 2060 366 2108 fluentem
378 2071 501 2106 nauseam
514 2063 631 2104 coerceat

111 2149 201 2195 metire
214 2148 288 2195 nobis
301 2147 462 2196 Caecubum.

111 2250 198 2281 euram
212 2242 359 2295 metumque
372 2232 490 2281 Caesaris
503 2248 588 2282 rerum
599 2234 671 2281 iuvat

111 2322 179 2368 dulei
193 2321 280 2386 Lyaeo
293 2322 405 2371 solvere.
