1784 3000
376 207 470 248 bruun
485 209 508 246 1.
765 214 815 262 199

65 384 112 417 cur
126 376 200 432 optas
215 370 283 430 quod
297 369 393 419 habes?
412 371 476 418 ‘non
489 370 558 418 nosti
571 370 634 433 quid
646 361 729 432 pater'
743 370 826 432 inquit

62 456 236 522 ‘Chrysippus
249 458 331 508 dicat.
359 459 460 521 sapiens
473 459 590 522 crepidas
603 458 652 507 sibi
664 473 807 521 numquam

65 559 114 595 nec
128 546 211 594 soleas
222 545 297 595 fecit:
319 555 389 594 sutor
400 554 489 595 tamen
501 555 539 597 est
552 539 678 610 sapiens.'
702 547 765 610 qui?

63 625 109 681 ‘ut
122 635 237 696 quamvis
250 641 317 682 tacet
329 633 504 699 Hermogenes
517 643 607 684 cautor
620 644 705 686 tamen
718 644 795 698 atque

10 732 51 770 130
67 722 180 785 optimus
193 730 230 771 est
242 722 403 782 modulator,
418 729 447 770 ut
459 722 568 772 Alfenus
580 724 651 773 vafer
664 707 735 772 omni

66 811 169 859 abiecto
182 811 353 860 instrumento
367 811 430 860 artis
443 812 580 873 clausaque
592 812 699 861 tsbema

65 907 156 948 tonsor
168 906 236 960 erat,
250 900 352 962 sapiens
365 900 449 963 operis
463 901 500 948 sic
513 901 626 963 optimus
639 900 723 948 omnis

66 994 104 1037 est
116 987 208 1050 opifex
219 988 301 1047 solus,
316 988 353 1037 sic
365 979 434 1037 rex.'
460 988 556 1037 vellunt
568 989 616 1038 tibi
629 987 736 1037 barbam

64 1075 154 1125 lascivi
167 1076 255 1138 pueri3
278 1091 341 1138 quos
354 1084 382 1125 tu
394 1077 445 1126 nisi
457 1077 524 1126 fuste
537 1091 653 1137 coerces,

10 1172 51 1212 135
65 1165 182 1228 argueris
194 1165 270 1213 turba
283 1165 381 1214 circum
393 1172 418 1214 te
431 1174 514 1213 stante
527 1166 656 1227 miserque

65 1253 192 1315 rumperis
204 1260 228 1301 et
241 1253 334 1313 latras,
349 1267 504 1316 magnorum
517 1254 631 1302 maxime
644 1268 748 1316 regum.

64 1353 97 1389 ne
109 1340 216 1404 longum
229 1341 339 1390 faciam:
362 1341 424 1389 dum
436 1349 464 1391 tu
478 1342 619 1404 quadrante
631 1340 745 1390 lavatum

65 1442 111 1476 rex
123 1429 173 1478 ibis
185 1443 270 1491 neque
283 1436 308 1477 te
321 1430 457 1492 quisquam
470 1431 579 1494 stipator
592 1431 709 1494 ineptum

64 1524 164 1579 praeter
177 1516 324 1580 Crispinum
336 1519 488 1580 sectabitur,
503 1518 606 1568 etmihi
619 1518 705 1567 dulces

10 1616 51 1654 140
64 1604 211 1672 ignoscent,
226 1606 311 1669 siquid
324 1621 431 1669 peccaro
444 1608 547 1669 stultus,
563 1608 653 1666 amici,

63 1692 143 1755 inque
156 1694 239 1743 vicem
252 1694 356 1743 illorum
369 1696 453 1758 patiar
465 1695 558 1744 delicta
571 1695 694 1755 libenter,

64 1782 227 1844 privatusque
239 1784 322 1847 magis
334 1785 417 1833 vivam
431 1792 454 1834 te
467 1799 525 1848 rege
539 1785 638 1832 beatus.

403 2138 469 2187 IIII.

61 2311 169 2375 Eupolis
182 2319 259 2375 atque
273 2313 392 2364 Cratinus
405 2315 645 2378 Aristophanesque
657 2322 750 2377 poetae

61 2408 138 2463 atque
152 2400 198 2449 alii
212 2416 322 2464 quorum
336 2403 471 2452 comoedia
483 2403 568 2466 prisce
580 2404 733 2461 virorumst‚

60 2490 140 2551 siquis
154 2496 209 2538 erat
221 2489 314 2553 diguus
328 2491 451 2550 describi,
468 2493 537 2553 quod
551 2492 634 2540 malus
648 2507 679 2540 ac
691 2491 745 2550 fur,

61 2579 132 2640 quod
146 2578 268 2628 moechus
281 2580 352 2629 foret
361 2588 406 2629 aut
418 2580 525 2630 sicarius
536 2587 584 2630 sut
593 2580 700 2640 alioqui

27 2665 182 2730 clamosus,
198 2669 284 2720 multe
298 2686 361 2724 cum
372 2671 504 2725 libertate
513 2669 668 2723 notsbuut.
