1770 2984
106 156 156 206 198
388 149 569 191 SA'HRARUM

105 330 163 362 eum
177 319 357 376 prorepserunt
369 313 459 374 primis
472 312 597 360 animalia
611 312 698 372 terris,

58 413 91 450 tto
106 409 206 450 mutum
220 411 244 450 et
257 410 330 464 turpe
343 416 433 464 pecus,
448 400 570 465 glandem
584 407 660 461 atque
674 401 780 450 cubilia
793 418 864 466 prop
880 425 885 445 ¹.

104 491 233 553 unguibus
245 499 270 537 et
283 490 390 554 pugnis,
408 489 468 538 dein
481 488 603 548 fustibus,
619 495 697 551 atque
710 489 750 538 ita
765 505 849 553 porro

104 579 256 641 pugnabant
269 579 347 626 armis
360 593 425 640 quae
438 584 496 640 post
508 576 682 625 fabricaverat
694 592 776 638 nsus3

105 668 187 714 donee
199 668 290 726 verba,
306 667 398 728 quibus
412 680 486 714 voees
500 678 639 726 sensusque
651 672 794 725 notarent,

104 756 261 817 nominaque
274 757 408 804 invenere:
431 754 524 802 dehinc
537 753 657 803 absistere
670 751 757 813 bello,

51 853 91 892 105
106 843 202 905 oppida
216 852 355 905 coeperunt
367 844 482 903 munire,
498 851 523 892 et
535 855 631 905 ponere
644 840 727 904 leges,

104 945 136 978 ne
150 932 206 992 quis
219 931 260 978 fnr
273 940 351 991 esset,
368 946 418 980 neu
430 932 509 990 latro,
525 945 575 980 nen
589 930 646 992 quis
659 928 779 987 adulter;

104 1035 164 1067 nam
179 1020 228 1070 snit
241 1026 300 1069 ante
314 1020 440 1070 Helenam
453 1033 552 1068 cunnus
566 1017 712 1067 taeterrima
725 1017 792 1066 belli

104 1123 195 1168 eausa,
211 1109 253 1157 sed
267 1109 362 1172 ignotis
374 1110 506 1172 perierunt
519 1107 645 1156 mortibus
658 1105 697 1154 illi

106 1210 169 1257 quos
181 1195 309 1246 Venerem
322 1198 447 1246 incertam
459 1197 586 1260 rapientes
600 1209 672 1243 more
685 1193 806 1244 ferarum

37 1296 90 1353 „110
106 1283 201 1332 viribus
214 1286 308 1335 editior
322 1285 445 1334 caedebat
456 1293 485 1333 ut
498 1285 524 1332 in
536 1299 613 1347 grege
626 1292 726 1333 taurus.

105 1373 162 1420 iura
175 1373 279 1421 inventa
292 1382 362 1422 metn
377 1374 464 1422 iniusti
479 1373 576 1422 fateare
589 1380 725 1429 necessest,

104 1469 221 1523 tempora
234 1463 255 1510 si
269 1461 398 1523 fastosque
412 1463 473 1510 velis
485 1461 600 1510 evolvere
613 1460 716 1509 mundi.

105 1564 151 1597 nee
164 1558 256 1597 natura
269 1559 353 1611 potest
366 1550 432 1598 insto
447 1565 577 1599 secernere
590 1549 725 1612 iniquum,

105 1638 196 1686 dividit
210 1647 238 1685 nt
250 1639 318 1686 bona
332 1639 451 1698 diversis,
468 1638 590 1702 fugienda
603 1637 730 1700 petendis,

53 1737 90 1774 115
105 1740 153 1773 nee
165 1728 249 1774 vincet
262 1728 327 1775 ratio
341 1728 405 1787 hoe,
421 1728 572 1775 tantundem
586 1737 613 1774 ut
627 1734 715 1789 peeoet
728 1727 856 1790 idemque

106 1815 150 1875 qui
162 1823 262 1863 teneros
276 1815 355 1863 caulis
369 1815 447 1863 alieni
460 1815 564 1878 fregerit
576 1815 645 1863 horti

105 1903 186 1964 etqui
201 1914 341 1952 nocturnus
355 1918 427 1951 saera
441 1904 528 1951 divum
540 1903 645 1966 legerit.
674 1903 741 1950 adsit

104 1991 204 2053 regula,
221 1993 331 2053 pereatis
346 2007 411 2053 qnae
424 2007 520 2054 poenas
532 1992 634 2053 inroget
648 2005 756 2051 aequas,

104 2092 136 2125 ne
150 2080 247 2126 sontica
260 2081 366 2142 dignum
380 2080 495 2128 horribili
510 2087 604 2128 sectere
617 2078 733 2142 flagello.

51 2175 89 2214 120
104 2180 165 2212 nam
178 2176 205 2214 ut
220 2167 301 2214 ferula
314 2168 406 2216 caedas
419 2169 539 2216 meritum
552 2167 652 2215 maiora
665 2167 750 2214 subire

103 2252 208 2301 verbera
221 2267 273 2300 non
287 2269 388 2314 vereor,
405 2272 464 2304 eum
478 2257 549 2305 dieas
562 2271 615 2305 esse
628 2256 698 2320 paris
711 2270 751 2303 res

104 2342 173 2391 furta
185 2340 328 2390 latrociniis
342 2351 366 2390 et
381 2345 482 2406 magnis
495 2360 573 2406 parva
587 2343 692 2392 mineris

103 2429 170 2479 falce
183 2430 325 2479 recisurum
339 2431 418 2479 simili
432 2441 469 2490 te,
485 2433 505 2479 si
519 2433 566 2480 tibi
579 2446 686 2496 regnum

103 2519 253 2581 permittant
265 2519 397 2570 homines.
424 2521 444 2568 si
459 2520 539 2582 dives,
554 2521 597 2582 qui
610 2520 711 2582 sapiens
724 2529 775 2582 est,

37 2615 83 2653 rat
96 2615 124 2657 et
132 2617 209 2660 sutor
221 2608 306 2660 bonus
320 2616 346 2661 et
359 2609 431 2660 solus
444 2609 573 2659 formosus
585 2616 610 2657 et
622 2614 659 2656 est
671 2622 732 2666 rex,
