1784 3000
422 192 639 234 EPISTULARUM

494 408 547 457 IIII
557 449 562 460 .

155 567 233 627 Albi,
248 574 395 617 nostrorum
407 582 553 617 sermonum
567 567 675 617 candide
688 567 782 627 iudex,

156 656 219 718 quid
231 671 300 705 nunc
312 663 338 704 te
350 656 436 705 dicam
449 656 531 706 facere
544 657 571 705 in
583 657 687 722 regione
701 655 827 705 Pedana?

155 744 267 794 scribere
279 745 348 808 quod
362 743 434 794 Cassi
446 745 591 795 Parmensis
605 745 729 807 opuscula
742 745 845 806 vincat,

156 849 190 882 an
202 834 309 882 tacitum
323 834 399 883 silvas
412 836 478 883 inter
491 842 592 898 reptare
605 833 728 891 salubris,

115 928 128 966 a
156 930 289 972 curantem
301 922 429 986 quidquid
442 923 548 987 dignum
560 922 674 985 sapiente
688 921 852 984 bonoquest?

154 1025 207 1059 non
219 1019 247 1059 tu
260 1025 353 1075 corpus
366 1027 421 1060 eras
431 1012 486 1060 siue
499 1019 615 1074 pectore:
638 1010 664 1058 di
677 1010 725 1059 tibi
739 1010 869 1071 formam,

154 1099 181 1147 di
194 1099 240 1148 tibi
254 1099 356 1149 divitias
368 1100 494 1150 dederunt
506 1107 637 1162 artemque
650 1098 766 1149 fruendi.

154 1187 217 1248 quid
229 1194 319 1236 voveat
332 1187 401 1237 dulci
414 1187 543 1237 nutricula
555 1187 637 1235 maius
649 1186 771 1247 alumno,

155 1275 200 1336 qui
213 1290 299 1338 sapere
313 1283 338 1325 et
350 1276 400 1325 fari
413 1277 494 1339 possit
506 1290 572 1338 quae
584 1275 692 1335 sentiat,
708 1282 733 1324 et
745 1277 789 1324 cui

18 1362 36 1399 J
104 1368 129 1406 ιο
155 1363 255 1426 gratia,
271 1362 357 1423 fama,
372 1364 491 1413 valetudo
504 1365 637 1428 contingat
649 1363 765 1422 abunde,

156 1458 181 1500 et
194 1450 304 1500 mundus
316 1452 411 1511 victus,
427 1466 479 1500 non
493 1453 624 1502 deficiente
638 1453 779 1501 crumena?

157 1540 224 1587 inter
236 1553 308 1601 spem
321 1554 477 1602 curamque,
492 1541 596 1590 timores
608 1542 675 1590 inter
687 1549 711 1589 et
724 1541 774 1589 iras

157 1641 260 1676 omnem
273 1629 347 1676 crede
360 1628 428 1676 diem
440 1629 488 1677 tibi
501 1629 624 1678 diluxisse
636 1643 801 1691 supremum:

157 1724 231 1778 gratu
243 1717 404 1780 superveniet
416 1732 482 1779 quae
495 1732 548 1767 nou
561 1717 704 1780 sperabitur
716 1717 795 1765 horu.

105 1808 130 1847 tt
158 1819 199 1854 me
211 1806 334 1869 pinguem
347 1813 371 1855 et
384 1805 494 1854 nitidum
506 1807 571 1855 bene
584 1813 672 1855 curata
685 1814 743 1854 cute
756 1808 838 1865 vises,

156 1909 216 1943 cum
228 1895 310 1944 ridere
322 1895 404 1954 voles,
419 1894 525 1958 Epicuri
539 1895 570 1943 de
582 1909 659 1958 grege
673 1908 795 1956 porcum.

512 2213 546 2265 V.

158 2384 187 2434 Si
199 2396 271 2449 potes
283 2388 419 2438 Archiacis
432 2392 540 2438 conviva
553 2391 700 2439 recumbere
713 2389 785 2437 lectis

157 2489 204 2524 nec
217 2476 320 2524 modica
334 2491 425 2526 cenare
439 2479 512 2527 times
525 2479 581 2527 olus
594 2493 670 2527 omne
684 2476 794 2540 patella,

153 2578 275 2627 supremo
289 2574 314 2615 te
327 2565 380 2615 soie
393 2565 480 2626 dorni,
495 2567 641 2629 Torquate,
657 2565 782 2615 manebo.

144 2653 208 2704 uina
223 2655 299 2709 bibes
312 2657 411 2708 iterum
422 2657 516 2707 Tauro
530 2655 629 2702 biiiusa
638 2651 761 2714 paiustris
