1784 3000
377 211 470 251 LIBER
478 240 483 251 .

54 379 75 426 si
89 385 172 425 certus
186 376 287 425 intrarit
301 375 389 424 dolor.

54 475 79 515 et
92 475 134 527 tu,
151 465 307 528 quicumque
320 478 345 512 ea
358 462 458 512 felicior
471 469 549 524 atque
560 475 619 510 meo
632 475 701 509 nunc

54 554 176 617 superbus
189 553 286 602 incedis
298 552 381 611 malo,

55 643 88 691 sis
100 656 192 705 pecore
206 650 230 690 et
243 641 324 689 multu
337 641 406 688 disca
419 638 508 688 tellure
520 638 622 699 licebit,

9 738 28 776 20
56 730 155 792 tibique
168 729 290 778 Pactolus
302 729 378 789 fluat,

54 833 102 867 nec
116 825 140 867 te
152 817 315 882 Pythagorae
328 816 422 864 fallant
434 830 528 865 arcana
539 813 636 873 renati,

54 906 190 968 formaque
202 905 289 954 vincas
302 905 395 964 Nirea,

54 995 120 1044 eheu
134 994 269 1043 translatos
282 994 334 1041 alio
347 992 473 1042 maerebis
487 1006 600 1041 amores:

55 1092 94 1131 ast
107 1097 154 1146 ego
168 1082 280 1132 vicissim
293 1082 385 1132 risero.

388 1433 453 1482 XVI
465 1473 470 1484 .

57 1612 147 1662 Altera
160 1612 213 1659 iam
226 1612 316 1660 teritur
329 1610 401 1660 bellis
414 1608 531 1659 civilibus
544 1616 629 1666 aetas,

57 1702 108 1750 suis
121 1708 145 1749 et
158 1700 213 1762 ipsa
226 1699 310 1747 Roma
323 1699 420 1747 viribus
432 1698 498 1746 ruit:

57 1804 137 1852 quam
149 1802 232 1850 neque
246 1787 349 1835 finitimi
361 1786 495 1834 valuerunt
507 1784 612 1848 perdere
624 1780 718 1839 Marsi,

57 1876 166 1925 minacis
180 1885 224 1924 aut
236 1876 343 1924 Etrusca
355 1875 485 1923 Porsenae
496 1886 601 1930 manus,

19 1974 31 2013 t
58 1966 160 2014 aemula
173 1979 219 2013 nec
232 1964 311 2012 virtus
323 1962 445 2026 Capuae,
460 1975 508 2009 nec
522 1958 660 2023 Spartacus
672 1971 731 2006 acer

56 2054 181 2114 novisque
194 2052 268 2100 rebus
280 2052 389 2100 infidelis
402 2050 545 2108 Allobrox,

56 2156 104 2190 nec
117 2140 174 2189 fera
187 2140 305 2189 caerulea
318 2140 419 2188 domuit
432 2138 571 2188 Germania
584 2136 651 2200 pube

57 2229 257 2292 parentibusque
270 2229 435 2277 abominatus
446 2225 591 2286 Hannibal,

58 2318 132 2380 inpia
145 2318 278 2380 perdemus
291 2316 376 2365 devoti
390 2315 522 2380 sauguinis
534 2323 618 2375 aetas,

11 2415 34 2452 ro
61 2405 172 2467 ferisque
185 2420 273 2453 rursus
287 2404 456 2468 occupabitur
468 2405 568 2453 solum.

59 2494 182 2542 barbarus
194 2493 245 2542 heu
259 2495 356 2542 cineres
369 2493 469 2544 insistet
482 2493 564 2543 victor
577 2501 602 2542 et
614 2492 705 2541 urbem

59 2596 136 2645 eques
149 2590 257 2631 sonante
270 2581 414 2631 verberabit
425 2581 539 2646 ungula,

58 2685 173 2732 quaeque
187 2680 275 2722 carent
288 2673 373 2724 ventis
384 2680 412 2725 et
425 2671 529 2724 solibus
542 2683 606 2719 ossa
615 2660 733 2724 Qunam

66 2770 197 2815 Horatius.
215 2777 259 2821 aa.
277 2780 349 2823 1111.
662 2765 694 2802 Ἣ
