<?xml version="1.0" encoding="UTF-8"?>
<!DOCTYPE html PUBLIC "-//W3C//DTD XHTML 1.0 Transitional//EN"
    "http://www.w3.org/TR/xhtml1/DTD/xhtml1-transitional.dtd">
<html xmlns="http://www.w3.org/1999/xhtml" xml:lang="en" lang="en">
 <head>
  <title>
</title>
<meta http-equiv="Content-Type" content="text/html;charset=utf-8" />
  <meta name='ocr-system' content='tesseract 3.04.00' />
  <meta name='ocr-capabilities' content='ocr_page ocr_carea ocr_par ocr_line ocrx_word'/>
</head>
<body>
  <div class='ocr_page' id='page_1' title='image "./qhoratiflacciop00vahlgoog_0348.png"; bbox 0 0 1784 3000; ppageno 0'>
   <div class='ocr_carea' id='block_1_1' title="bbox 364 199 505 240">
    <p class='ocr_par' dir='ltr' id='par_1_1' title="bbox 364 199 505 240">
     <span class='ocr_line' id='line_1_1' title="bbox 364 199 505 240; baseline 0 -2"><span class='ocrx_word' id='word_1_1' title='bbox 364 199 505 240; x_wconf 79' lang='lat' dir='ltr'><strong>POETIOA.</strong></span> 
     </span>
    </p>
   </div>
   <div class='ocr_carea' id='block_1_2' title="bbox 43 362 779 2645">
    <p class='ocr_par' dir='ltr' id='par_1_2' title="bbox 56 362 585 424">
     <span class='ocr_line' id='line_1_2' title="bbox 56 362 585 424; baseline -0.002 -13"><span class='ocrx_word' id='word_1_2' title='bbox 56 378 105 412; x_wconf 88' lang='lat' dir='ltr'><strong>nec</strong></span> <span class='ocrx_word' id='word_1_3' title='bbox 119 363 156 412; x_wconf 87' lang='lat' dir='ltr'><strong>sic</strong></span> <span class='ocrx_word' id='word_1_4' title='bbox 170 363 252 411; x_wconf 83' lang='lat' dir='ltr'><strong>enitar</strong></span> <span class='ocrx_word' id='word_1_5' title='bbox 265 363 365 424; x_wconf 84' lang='lat' dir='ltr'><strong>tragico</strong></span> <span class='ocrx_word' id='word_1_6' title='bbox 380 362 481 411; x_wconf 86' lang='lat' dir='ltr'><strong>differre</strong></span> <span class='ocrx_word' id='word_1_7' title='bbox 495 362 585 423; x_wconf 88' lang='lat' dir='ltr'><strong>colori,</strong></span> 
     </span>
    </p>

    <p class='ocr_par' dir='ltr' id='par_1_3' title="bbox 54 451 692 604">
     <span class='ocr_line' id='line_1_3' title="bbox 55 451 692 513; baseline -0.008 -13"><span class='ocrx_word' id='word_1_8' title='bbox 55 460 85 501; x_wconf 88' lang='lat' dir='ltr'><strong>nt</strong></span> <span class='ocrx_word' id='word_1_9' title='bbox 98 451 165 500; x_wconf 86' lang='lat' dir='ltr'><strong>nihil</strong></span> <span class='ocrx_word' id='word_1_10' title='bbox 178 451 280 500; x_wconf 87' lang='lat' dir='ltr'><strong>intersit</strong></span> <span class='ocrx_word' id='word_1_11' title='bbox 292 451 414 499; x_wconf 78' lang='lat' dir='ltr'><strong>Davusne</strong></span> <span class='ocrx_word' id='word_1_12' title='bbox 427 451 548 513; x_wconf 90' lang='lat' dir='ltr'><strong>loquatur</strong></span> <span class='ocrx_word' id='word_1_13' title='bbox 562 461 587 501; x_wconf 91' lang='lat' dir='ltr'><strong>et</strong></span> <span class='ocrx_word' id='word_1_14' title='bbox 600 452 692 500; x_wconf 48' lang='lat' dir='ltr'><strong>audax¹</strong></span> 
     </span>
     <span class='ocr_line' id='line_1_4' title="bbox 54 537 676 604; baseline -0.002 -15"><span class='ocrx_word' id='word_1_15' title='bbox 54 539 163 604; x_wconf 78' lang='lat' dir='ltr'><strong>Pythias</strong></span> <span class='ocrx_word' id='word_1_16' title='bbox 177 548 295 588; x_wconf 89' lang='lat' dir='ltr'><strong>emuncto</strong></span> <span class='ocrx_word' id='word_1_17' title='bbox 307 540 406 589; x_wconf 89' lang='lat' dir='ltr'><strong>lucrata</strong></span> <span class='ocrx_word' id='word_1_18' title='bbox 419 537 524 588; x_wconf 83' lang='lat' dir='ltr'><strong>Simone</strong></span> <span class='ocrx_word' id='word_1_19' title='bbox 537 540 676 600; x_wconf 83' lang='lat' dir='ltr'><strong>talentum,</strong></span> 
     </span>
    </p>

    <p class='ocr_par' dir='ltr' id='par_1_4' title="bbox 54 626 659 690">
     <span class='ocr_line' id='line_1_5' title="bbox 54 626 659 690; baseline -0.003 -13"><span class='ocrx_word' id='word_1_20' title='bbox 54 644 88 677; x_wconf 87' lang='lat' dir='ltr'><strong>an</strong></span> <span class='ocrx_word' id='word_1_21' title='bbox 102 637 187 677; x_wconf 86' lang='lat' dir='ltr'><strong>custos</strong></span> <span class='ocrx_word' id='word_1_22' title='bbox 200 629 363 690; x_wconf 81' lang='lat' dir='ltr'><strong>famulusque</strong></span> <span class='ocrx_word' id='word_1_23' title='bbox 377 629 417 676; x_wconf 90' lang='lat' dir='ltr'><strong>dei</strong></span> <span class='ocrx_word' id='word_1_24' title='bbox 431 626 532 677; x_wconf 86' lang='lat' dir='ltr'><strong>Silenus</strong></span> <span class='ocrx_word' id='word_1_25' title='bbox 545 628 659 677; x_wconf 80' lang='lat' dir='ltr'><strong>alumni.</strong></span> 
     </span>
    </p>

    <p class='ocr_par' dir='ltr' id='par_1_5' title="bbox 51 717 727 1047">
     <span class='ocr_line' id='line_1_6' title="bbox 55 717 721 780; baseline 0 -14"><span class='ocrx_word' id='word_1_26' title='bbox 55 732 88 767; x_wconf 86' lang='lat' dir='ltr'><strong>ex</strong></span> <span class='ocrx_word' id='word_1_27' title='bbox 100 726 163 766; x_wconf 91' lang='lat' dir='ltr'><strong>noto</strong></span> <span class='ocrx_word' id='word_1_28' title='bbox 176 717 264 766; x_wconf 83' lang='lat' dir='ltr'><strong>fictum</strong></span> <span class='ocrx_word' id='word_1_29' title='bbox 277 732 381 766; x_wconf 83' lang='lat' dir='ltr'><strong>carmen</strong></span> <span class='ocrx_word' id='word_1_30' title='bbox 393 732 502 779; x_wconf 88' lang='lat' dir='ltr'><strong>sequar,</strong></span> <span class='ocrx_word' id='word_1_31' title='bbox 517 725 545 764; x_wconf 90' lang='lat' dir='ltr'><strong>ut</strong></span> <span class='ocrx_word' id='word_1_32' title='bbox 557 717 606 765; x_wconf 92' lang='lat' dir='ltr'><strong>sibi</strong></span> <span class='ocrx_word' id='word_1_33' title='bbox 619 718 702 780; x_wconf 91' lang='lat' dir='ltr'><strong>quivis</strong></span> <span class='ocrx_word' id='word_1_34' title='bbox 719 777 721 780; x_wconf 18' lang='grc' dir='ltr'><strong><em>ι</em></strong></span> 
     </span>
     <span class='ocr_line' id='line_1_7' title="bbox 51 805 714 870; baseline 0 -15"><span class='ocrx_word' id='word_1_35' title='bbox 51 815 136 870; x_wconf 84' lang='lat' dir='ltr'><strong>speret</strong></span> <span class='ocrx_word' id='word_1_36' title='bbox 148 807 233 867; x_wconf 90' lang='lat' dir='ltr'><strong>idem,</strong></span> <span class='ocrx_word' id='word_1_37' title='bbox 247 806 322 855; x_wconf 87' lang='lat' dir='ltr'><strong>sudet</strong></span> <span class='ocrx_word' id='word_1_38' title='bbox 334 805 443 854; x_wconf 90' lang='lat' dir='ltr'><strong>multum</strong></span> <span class='ocrx_word' id='word_1_39' title='bbox 456 805 603 868; x_wconf 81' lang='lat' dir='ltr'><strong>frustraque</strong></span> <span class='ocrx_word' id='word_1_40' title='bbox 615 805 714 855; x_wconf 91' lang='lat' dir='ltr'><strong>laboret</strong></span> 
     </span>
     <span class='ocr_line' id='line_1_8' title="bbox 52 895 727 957; baseline 0.003 -14"><span class='ocrx_word' id='word_1_41' title='bbox 52 909 129 944; x_wconf 87' lang='lat' dir='ltr'><strong>ausus</strong></span> <span class='ocrx_word' id='word_1_42' title='bbox 141 896 225 943; x_wconf 82' lang='lat' dir='ltr'><strong>idem:</strong></span> <span class='ocrx_word' id='word_1_43' title='bbox 247 902 348 944; x_wconf 90' lang='lat' dir='ltr'><strong>tantum</strong></span> <span class='ocrx_word' id='word_1_44' title='bbox 360 895 437 944; x_wconf 85' lang='lat' dir='ltr'><strong>series</strong></span> <span class='ocrx_word' id='word_1_45' title='bbox 449 895 620 956; x_wconf 80' lang='lat' dir='ltr'><strong>iuncturaque</strong></span> <span class='ocrx_word' id='word_1_46' title='bbox 632 895 727 957; x_wconf 88' lang='lat' dir='ltr'><strong>pollet,</strong></span> 
     </span>
     <span class='ocr_line' id='line_1_9' title="bbox 51 983 662 1047; baseline 0.003 -15"><span class='ocrx_word' id='word_1_47' title='bbox 51 991 153 1032; x_wconf 86' lang='lat' dir='ltr'><strong>tanturn</strong></span> <span class='ocrx_word' id='word_1_48' title='bbox 167 986 197 1033; x_wconf 93' lang='lat' dir='ltr'><strong>de</strong></span> <span class='ocrx_word' id='word_1_49' title='bbox 211 985 296 1032; x_wconf 89' lang='lat' dir='ltr'><strong>medio</strong></span> <span class='ocrx_word' id='word_1_50' title='bbox 310 983 417 1047; x_wconf 89' lang='lat' dir='ltr'><strong>sumptis</strong></span> <span class='ocrx_word' id='word_1_51' title='bbox 430 984 529 1032; x_wconf 91' lang='lat' dir='ltr'><strong>accedit</strong></span> <span class='ocrx_word' id='word_1_52' title='bbox 541 983 662 1034; x_wconf 89' lang='lat' dir='ltr'><strong>honoris.</strong></span> 
     </span>
    </p>

    <p class='ocr_par' dir='ltr' id='par_1_6' title="bbox 51 1071 629 1132">
     <span class='ocr_line' id='line_1_10' title="bbox 51 1071 629 1132; baseline -0.002 -12"><span class='ocrx_word' id='word_1_53' title='bbox 51 1073 121 1121; x_wconf 88' lang='lat' dir='ltr'><strong>silvis</strong></span> <span class='ocrx_word' id='word_1_54' title='bbox 134 1072 235 1121; x_wconf 89' lang='lat' dir='ltr'><strong>deducti</strong></span> <span class='ocrx_word' id='word_1_55' title='bbox 249 1082 370 1132; x_wconf 89' lang='lat' dir='ltr'><strong>caveant,</strong></span> <span class='ocrx_word' id='word_1_56' title='bbox 387 1087 427 1120; x_wconf 91' lang='lat' dir='ltr'><strong>me</strong></span> <span class='ocrx_word' id='word_1_57' title='bbox 440 1072 540 1131; x_wconf 88' lang='lat' dir='ltr'><strong>iudice,</strong></span> <span class='ocrx_word' id='word_1_58' title='bbox 556 1071 629 1119; x_wconf 81' lang='lat' dir='ltr'><strong>fauni</strong></span> 
     </span>
    </p>

    <p class='ocr_par' dir='ltr' id='par_1_7' title="bbox 51 1160 617 1222">
     <span class='ocr_line' id='line_1_11' title="bbox 51 1160 617 1222; baseline -0.004 -12"><span class='ocrx_word' id='word_1_59' title='bbox 51 1175 83 1210; x_wconf 92' lang='lat' dir='ltr'><strong>ne</strong></span> <span class='ocrx_word' id='word_1_60' title='bbox 96 1160 167 1209; x_wconf 88' lang='lat' dir='ltr'><strong>velut</strong></span> <span class='ocrx_word' id='word_1_61' title='bbox 178 1161 261 1210; x_wconf 88' lang='lat' dir='ltr'><strong>innati</strong></span> <span class='ocrx_word' id='word_1_62' title='bbox 273 1161 352 1210; x_wconf 85' lang='lat' dir='ltr'><strong>triviis</strong></span> <span class='ocrx_word' id='word_1_63' title='bbox 365 1176 396 1209; x_wconf 90' lang='lat' dir='ltr'><strong>ac</strong></span> <span class='ocrx_word' id='word_1_64' title='bbox 407 1174 489 1222; x_wconf 88' lang='lat' dir='ltr'><strong>paene</strong></span> <span class='ocrx_word' id='word_1_65' title='bbox 503 1160 617 1209; x_wconf 82' lang='lat' dir='ltr'><strong>forenses</strong></span> 
     </span>
    </p>

    <p class='ocr_par' dir='ltr' id='par_1_8' title="bbox 45 1249 771 1756">
     <span class='ocr_line' id='line_1_12' title="bbox 50 1249 747 1312; baseline 0.006 -16"><span class='ocrx_word' id='word_1_66' title='bbox 50 1255 97 1296; x_wconf 87' lang='lat' dir='ltr'><strong>aut</strong></span> <span class='ocrx_word' id='word_1_67' title='bbox 108 1249 218 1298; x_wconf 79' lang='lat' dir='ltr'><strong>nimium</strong></span> <span class='ocrx_word' id='word_1_68' title='bbox 231 1250 324 1299; x_wconf 89' lang='lat' dir='ltr'><strong>teneris</strong></span> <span class='ocrx_word' id='word_1_69' title='bbox 336 1250 487 1298; x_wconf 86' lang='lat' dir='ltr'><strong>iuvenentur</strong></span> <span class='ocrx_word' id='word_1_70' title='bbox 499 1249 612 1298; x_wconf 86' lang='lat' dir='ltr'><strong>versibus</strong></span> <span class='ocrx_word' id='word_1_71' title='bbox 624 1265 747 1312; x_wconf 88' lang='lat' dir='ltr'><strong>umquam</strong></span> 
     </span>
     <span class='ocr_line' id='line_1_13' title="bbox 49 1338 682 1410; baseline 0.003 -24"><span class='ocrx_word' id='word_1_72' title='bbox 49 1345 95 1387; x_wconf 90' lang='lat' dir='ltr'><strong>aut</strong></span> <span class='ocrx_word' id='word_1_73' title='bbox 106 1338 234 1388; x_wconf 90' lang='lat' dir='ltr'><strong>inmunda</strong></span> <span class='ocrx_word' id='word_1_74' title='bbox 246 1349 350 1402; x_wconf 82' lang='lat' dir='ltr'><strong>crepent</strong></span> <span class='ocrx_word' id='word_1_75' title='bbox 362 1339 586 1402; x_wconf 82' lang='lat' dir='ltr'><strong>ignominiosaque</strong></span> <span class='ocrx_word' id='word_1_76' title='bbox 599 1340 682 1410; x_wconf 84' lang='lat' dir='ltr'><strong>dicte:</strong></span> 
     </span>
     <span class='ocr_line' id='line_1_14' title="bbox 50 1425 771 1492; baseline 0.008 -18"><span class='ocrx_word' id='word_1_77' title='bbox 50 1425 216 1475; x_wconf 86' lang='lat' dir='ltr'><strong>offenduntur</strong></span> <span class='ocrx_word' id='word_1_78' title='bbox 229 1428 299 1476; x_wconf 90' lang='lat' dir='ltr'><strong>enim</strong></span> <span class='ocrx_word' id='word_1_79' title='bbox 312 1427 406 1490; x_wconf 91' lang='lat' dir='ltr'><strong>quibus</strong></span> <span class='ocrx_word' id='word_1_80' title='bbox 420 1436 457 1477; x_wconf 91' lang='lat' dir='ltr'><strong>est</strong></span> <span class='ocrx_word' id='word_1_81' title='bbox 470 1442 550 1490; x_wconf 87' lang='lat' dir='ltr'><strong>equus</strong></span> <span class='ocrx_word' id='word_1_82' title='bbox 563 1437 588 1476; x_wconf 88' lang='lat' dir='ltr'><strong>et</strong></span> <span class='ocrx_word' id='word_1_83' title='bbox 600 1437 673 1492; x_wconf 82' lang='lat' dir='ltr'><strong>pater</strong></span> <span class='ocrx_word' id='word_1_84' title='bbox 686 1438 771 1492; x_wconf 75' lang='lat' dir='ltr'><strong>etrus,</strong></span> 
     </span>
     <span class='ocr_line' id='line_1_15' title="bbox 47 1515 752 1582; baseline 0.006 -18"><span class='ocrx_word' id='word_1_85' title='bbox 47 1529 111 1573; x_wconf 89' lang='lat' dir='ltr'><strong>nec,</strong></span> <span class='ocrx_word' id='word_1_86' title='bbox 127 1515 212 1577; x_wconf 89' lang='lat' dir='ltr'><strong>siquid</strong></span> <span class='ocrx_word' id='word_1_87' title='bbox 226 1516 296 1565; x_wconf 80' lang='lat' dir='ltr'><strong>fricti</strong></span> <span class='ocrx_word' id='word_1_88' title='bbox 310 1517 399 1566; x_wconf 86' lang='lat' dir='ltr'><strong>ciceris</strong></span> <span class='ocrx_word' id='word_1_89' title='bbox 411 1517 505 1580; x_wconf 90' lang='lat' dir='ltr'><strong>probat</strong></span> <span class='ocrx_word' id='word_1_90' title='bbox 518 1524 542 1566; x_wconf 88' lang='lat' dir='ltr'><strong>et</strong></span> <span class='ocrx_word' id='word_1_91' title='bbox 554 1518 627 1567; x_wconf 90' lang='lat' dir='ltr'><strong>nucis</strong></span> <span class='ocrx_word' id='word_1_92' title='bbox 639 1528 752 1582; x_wconf 83' lang='lat' dir='ltr'><strong>emptor,</strong></span> 
     </span>
     <span class='ocr_line' id='line_1_16' title="bbox 48 1603 657 1666; baseline 0.007 -15"><span class='ocrx_word' id='word_1_93' title='bbox 48 1603 138 1664; x_wconf 87' lang='lat' dir='ltr'><strong>aequis</strong></span> <span class='ocrx_word' id='word_1_94' title='bbox 151 1603 282 1666; x_wconf 90' lang='lat' dir='ltr'><strong>accipiunt</strong></span> <span class='ocrx_word' id='word_1_95' title='bbox 296 1606 389 1654; x_wconf 87' lang='lat' dir='ltr'><strong>animis</strong></span> <span class='ocrx_word' id='word_1_96' title='bbox 403 1607 530 1654; x_wconf 85' lang='lat' dir='ltr'><strong>donantve</strong></span> <span class='ocrx_word' id='word_1_97' title='bbox 543 1621 657 1656; x_wconf 88' lang='lat' dir='ltr'><strong>corona.</strong></span> 
     </span>
     <span class='ocr_line' id='line_1_17' title="bbox 45 1691 692 1756; baseline 0.006 -16"><span class='ocrx_word' id='word_1_98' title='bbox 45 1691 145 1754; x_wconf 84' lang='lat' dir='ltr'><strong>syllaba</strong></span> <span class='ocrx_word' id='word_1_99' title='bbox 157 1691 235 1756; x_wconf 83' lang='lat' dir='ltr'><strong>longa</strong></span> <span class='ocrx_word' id='word_1_100' title='bbox 249 1694 319 1742; x_wconf 92' lang='lat' dir='ltr'><strong>brevi</strong></span> <span class='ocrx_word' id='word_1_101' title='bbox 331 1694 446 1744; x_wconf 89' lang='lat' dir='ltr'><strong>subiecta</strong></span> <span class='ocrx_word' id='word_1_102' title='bbox 459 1703 566 1744; x_wconf 91' lang='lat' dir='ltr'><strong>vocatur</strong></span> <span class='ocrx_word' id='word_1_103' title='bbox 576 1695 692 1756; x_wconf 87' lang='lat' dir='ltr'><strong>iambus,</strong></span> 
     </span>
    </p>

    <p class='ocr_par' dir='ltr' id='par_1_9' title="bbox 43 1767 779 2467">
     <span class='ocr_line' id='line_1_18' title="bbox 46 1767 736 1843; baseline 0.007 -15"><span class='ocrx_word' id='word_1_104' title='bbox 46 1793 89 1843; x_wconf 92' lang='lat' dir='ltr'><strong>pes</strong></span> <span class='ocrx_word' id='word_1_105' title='bbox 102 1781 183 1840; x_wconf 79' lang='lat' dir='ltr'><strong>citus3</strong></span> <span class='ocrx_word' id='word_1_106' title='bbox 198 1783 266 1830; x_wconf 87' lang='lat' dir='ltr'><strong>unde</strong></span> <span class='ocrx_word' id='word_1_107' title='bbox 279 1783 357 1832; x_wconf 89' lang='lat' dir='ltr'><strong>etiam</strong></span> <span class='ocrx_word' id='word_1_108' title='bbox 371 1767 492 1833; x_wconf 88' lang='lat' dir='ltr'><strong>trimetris</strong></span> <span class='ocrx_word' id='word_1_109' title='bbox 505 1784 651 1833; x_wconf 85' lang='lat' dir='ltr'><strong>adcrescere</strong></span> <span class='ocrx_word' id='word_1_110' title='bbox 664 1785 736 1833; x_wconf 87' lang='lat' dir='ltr'><strong>iussit</strong></span> 
     </span>
     <span class='ocr_line' id='line_1_19' title="bbox 46 1870 645 1932; baseline 0.002 -12"><span class='ocrx_word' id='word_1_111' title='bbox 46 1884 142 1920; x_wconf 90' lang='lat' dir='ltr'><strong>nomen</strong></span> <span class='ocrx_word' id='word_1_112' title='bbox 153 1870 278 1932; x_wconf 88' lang='lat' dir='ltr'><strong>iambeis,</strong></span> <span class='ocrx_word' id='word_1_113' title='bbox 293 1887 352 1921; x_wconf 89' lang='lat' dir='ltr'><strong>cum</strong></span> <span class='ocrx_word' id='word_1_114' title='bbox 364 1887 438 1921; x_wconf 88' lang='lat' dir='ltr'><strong>senos</strong></span> <span class='ocrx_word' id='word_1_115' title='bbox 450 1873 567 1920; x_wconf 89' lang='lat' dir='ltr'><strong>redderet</strong></span> <span class='ocrx_word' id='word_1_116' title='bbox 579 1873 645 1922; x_wconf 87' lang='lat' dir='ltr'><strong>ictus</strong></span> 
     </span>
     <span class='ocr_line' id='line_1_20' title="bbox 45 1959 779 2025; baseline 0.008 -19"><span class='ocrx_word' id='word_1_117' title='bbox 45 1959 144 2021; x_wconf 91' lang='lat' dir='ltr'><strong>primus</strong></span> <span class='ocrx_word' id='word_1_118' title='bbox 156 1959 189 2006; x_wconf 87' lang='lat' dir='ltr'><strong>ad</strong></span> <span class='ocrx_word' id='word_1_119' title='bbox 203 1967 348 2009; x_wconf 86' lang='lat' dir='ltr'><strong>extremum</strong></span> <span class='ocrx_word' id='word_1_120' title='bbox 361 1961 450 2010; x_wconf 90' lang='lat' dir='ltr'><strong>similis</strong></span> <span class='ocrx_word' id='word_1_121' title='bbox 462 1961 526 2009; x_wconf 84' lang='lat' dir='ltr'><strong>sibi:</strong></span> <span class='ocrx_word' id='word_1_122' title='bbox 548 1975 602 2010; x_wconf 90' lang='lat' dir='ltr'><strong>non</strong></span> <span class='ocrx_word' id='word_1_123' title='bbox 614 1959 652 2011; x_wconf 91' lang='lat' dir='ltr'><strong>ita</strong></span> <span class='ocrx_word' id='word_1_124' title='bbox 664 1963 779 2025; x_wconf 85' lang='lat' dir='ltr'><strong>pridem,</strong></span> 
     </span>
     <span class='ocr_line' id='line_1_21' title="bbox 44 2047 703 2112; baseline 0.008 -18"><span class='ocrx_word' id='word_1_125' title='bbox 44 2047 145 2095; x_wconf 86' lang='lat' dir='ltr'><strong>tardior</strong></span> <span class='ocrx_word' id='word_1_126' title='bbox 157 2055 185 2095; x_wconf 87' lang='lat' dir='ltr'><strong>nt</strong></span> <span class='ocrx_word' id='word_1_127' title='bbox 197 2048 286 2109; x_wconf 90' lang='lat' dir='ltr'><strong>paullo</strong></span> <span class='ocrx_word' id='word_1_128' title='bbox 299 2049 451 2112; x_wconf 84' lang='lat' dir='ltr'><strong>graviorque</strong></span> <span class='ocrx_word' id='word_1_129' title='bbox 464 2050 562 2098; x_wconf 89' lang='lat' dir='ltr'><strong>veniret</strong></span> <span class='ocrx_word' id='word_1_130' title='bbox 574 2051 607 2097; x_wconf 90' lang='lat' dir='ltr'><strong>ad</strong></span> <span class='ocrx_word' id='word_1_131' title='bbox 620 2051 703 2111; x_wconf 87' lang='lat' dir='ltr'><strong>euris,</strong></span> 
     </span>
     <span class='ocr_line' id='line_1_22' title="bbox 43 2135 620 2203; baseline 0.005 -20"><span class='ocrx_word' id='word_1_132' title='bbox 43 2135 171 2200; x_wconf 87' lang='lat' dir='ltr'><strong>spondeos</strong></span> <span class='ocrx_word' id='word_1_133' title='bbox 184 2137 282 2186; x_wconf 86' lang='lat' dir='ltr'><strong>stabilis</strong></span> <span class='ocrx_word' id='word_1_134' title='bbox 294 2137 322 2186; x_wconf 91' lang='lat' dir='ltr'><strong>in</strong></span> <span class='ocrx_word' id='word_1_135' title='bbox 334 2139 392 2186; x_wconf 87' lang='lat' dir='ltr'><strong>iura</strong></span> <span class='ocrx_word' id='word_1_136' title='bbox 404 2147 511 2201; x_wconf 85' lang='lat' dir='ltr'><strong>paterna</strong></span> <span class='ocrx_word' id='word_1_137' title='bbox 523 2140 620 2203; x_wconf 88' lang='lat' dir='ltr'><strong>recepit</strong></span> 
     </span>
     <span class='ocr_line' id='line_1_23' title="bbox 43 2223 708 2289; baseline 0.008 -17"><span class='ocrx_word' id='word_1_138' title='bbox 43 2223 195 2273; x_wconf 88' lang='lat' dir='ltr'><strong>commodus</strong></span> <span class='ocrx_word' id='word_1_139' title='bbox 208 2233 232 2273; x_wconf 86' lang='lat' dir='ltr'><strong>et</strong></span> <span class='ocrx_word' id='word_1_140' title='bbox 244 2227 358 2289; x_wconf 89' lang='lat' dir='ltr'><strong>patiens,</strong></span> <span class='ocrx_word' id='word_1_141' title='bbox 373 2241 426 2275; x_wconf 91' lang='lat' dir='ltr'><strong>non</strong></span> <span class='ocrx_word' id='word_1_142' title='bbox 440 2235 468 2274; x_wconf 91' lang='lat' dir='ltr'><strong>ut</strong></span> <span class='ocrx_word' id='word_1_143' title='bbox 480 2227 511 2276; x_wconf 91' lang='lat' dir='ltr'><strong>de</strong></span> <span class='ocrx_word' id='word_1_144' title='bbox 523 2228 583 2276; x_wconf 92' lang='lat' dir='ltr'><strong>sede</strong></span> <span class='ocrx_word' id='word_1_145' title='bbox 596 2228 708 2277; x_wconf 86' lang='lat' dir='ltr'><strong>secunda</strong></span> 
     </span>
     <span class='ocr_line' id='line_1_24' title="bbox 43 2312 685 2375; baseline 0.005 -13"><span class='ocrx_word' id='word_1_146' title='bbox 43 2312 144 2362; x_wconf 90' lang='lat' dir='ltr'><strong>cederet</strong></span> <span class='ocrx_word' id='word_1_147' title='bbox 157 2322 304 2375; x_wconf 86' lang='lat' dir='ltr'><strong>autquarta</strong></span> <span class='ocrx_word' id='word_1_148' title='bbox 316 2315 457 2364; x_wconf 87' lang='lat' dir='ltr'><strong>socialiter.</strong></span> <span class='ocrx_word' id='word_1_149' title='bbox 486 2316 530 2364; x_wconf 88' lang='lat' dir='ltr'><strong>hio</strong></span> <span class='ocrx_word' id='word_1_150' title='bbox 543 2317 607 2365; x_wconf 87' lang='lat' dir='ltr'><strong>etin</strong></span> <span class='ocrx_word' id='word_1_151' title='bbox 619 2316 685 2366; x_wconf 89' lang='lat' dir='ltr'><strong>Acci</strong></span> 
     </span>
     <span class='ocr_line' id='line_1_25' title="bbox 43 2401 642 2467; baseline 0.005 -17"><span class='ocrx_word' id='word_1_152' title='bbox 43 2401 173 2450; x_wconf 90' lang='lat' dir='ltr'><strong>nobilibus</strong></span> <span class='ocrx_word' id='word_1_153' title='bbox 184 2403 306 2452; x_wconf 90' lang='lat' dir='ltr'><strong>trimetris</strong></span> <span class='ocrx_word' id='word_1_154' title='bbox 319 2405 424 2467; x_wconf 88' lang='lat' dir='ltr'><strong>adparet</strong></span> <span class='ocrx_word' id='word_1_155' title='bbox 436 2419 522 2464; x_wconf 87' lang='lat' dir='ltr'><strong>rarus,</strong></span> <span class='ocrx_word' id='word_1_156' title='bbox 538 2412 563 2454; x_wconf 93' lang='lat' dir='ltr'><strong>et</strong></span> <span class='ocrx_word' id='word_1_157' title='bbox 575 2405 642 2455; x_wconf 80' lang='lat' dir='ltr'><strong>Enni</strong></span> 
     </span>
    </p>

    <p class='ocr_par' dir='ltr' id='par_1_10' title="bbox 43 2489 707 2645">
     <span class='ocr_line' id='line_1_26' title="bbox 43 2489 707 2557; baseline 0.009 -19"><span class='ocrx_word' id='word_1_158' title='bbox 43 2489 67 2538; x_wconf 91' lang='lat' dir='ltr'><strong>in</strong></span> <span class='ocrx_word' id='word_1_159' title='bbox 80 2505 202 2540; x_wconf 83' lang='lat' dir='ltr'><strong>scaenam</strong></span> <span class='ocrx_word' id='word_1_160' title='bbox 215 2493 304 2542; x_wconf 87' lang='lat' dir='ltr'><strong>missos</strong></span> <span class='ocrx_word' id='word_1_161' title='bbox 316 2508 375 2541; x_wconf 88' lang='lat' dir='ltr'><strong>eum</strong></span> <span class='ocrx_word' id='word_1_162' title='bbox 389 2507 484 2556; x_wconf 87' lang='lat' dir='ltr'><strong>magno</strong></span> <span class='ocrx_word' id='word_1_163' title='bbox 497 2494 610 2557; x_wconf 89' lang='lat' dir='ltr'><strong>pondere</strong></span> <span class='ocrx_word' id='word_1_164' title='bbox 622 2507 707 2544; x_wconf 83' lang='lat' dir='ltr'><strong>versus</strong></span> 
     </span>
     <span class='ocr_line' id='line_1_27' title="bbox 43 2581 683 2645; baseline 0 -19"><span class='ocrx_word' id='word_1_165' title='bbox 43 2587 85 2628; x_wconf 86' lang='lat' dir='ltr'><strong>ant</strong></span> <span class='ocrx_word' id='word_1_166' title='bbox 97 2594 193 2643; x_wconf 86' lang='lat' dir='ltr'><strong>operae</strong></span> <span class='ocrx_word' id='word_1_167' title='bbox 206 2581 294 2631; x_wconf 84' lang='lat' dir='ltr'><strong>celeris</strong></span> <span class='ocrx_word' id='word_1_168' title='bbox 307 2582 422 2631; x_wconf 88' lang='lat' dir='ltr'><strong>nimium</strong></span> <span class='ocrx_word' id='word_1_169' title='bbox 434 2597 553 2645; x_wconf 84' lang='lat' dir='ltr'><strong>curaque</strong></span> <span class='ocrx_word' id='word_1_170' title='bbox 565 2581 683 2631; x_wconf 67' lang='lat' dir='ltr'><strong>carentis</strong></span> 
     </span>
    </p>
   </div>
   <div class='ocr_carea' id='block_1_3' title="bbox 43 2666 675 2812">
    <p class='ocr_par' dir='ltr' id='par_1_11' title="bbox 43 2666 675 2812">
     <span class='ocr_line' id='line_1_28' title="bbox 43 2666 663 2735; baseline 0.01 -23"><span class='ocrx_word' id='word_1_171' title='bbox 43 2672 75 2713; x_wconf 81' lang='lat' dir='ltr'><strong>ut</strong></span> <span class='ocrx_word' id='word_1_172' title='bbox 84 2666 224 2730; x_wconf 81' lang='lat' dir='ltr'><strong>ignoratae</strong></span> <span class='ocrx_word' id='word_1_173' title='bbox 235 2673 340 2735; x_wconf 88' lang='lat' dir='ltr'><strong>premit</strong></span> <span class='ocrx_word' id='word_1_174' title='bbox 354 2675 422 2726; x_wconf 85' lang='lat' dir='ltr'><strong>artis</strong></span> <span class='ocrx_word' id='word_1_175' title='bbox 435 2673 556 2725; x_wconf 75' lang='lat' dir='ltr'><strong>crimine</strong></span> <span class='ocrx_word' id='word_1_176' title='bbox 567 2666 663 2730; x_wconf 61' lang='lat' dir='ltr'><strong>turpi·</strong></span> 
     </span>
     <span class='ocr_line' id='line_1_29' title="bbox 617 2762 675 2812; baseline 0.034 0"><span class='ocrx_word' id='word_1_177' title='bbox 617 2762 675 2812; x_wconf 61' lang='lat' dir='ltr'><strong>aa*</strong></span> 
     </span>
    </p>
   </div>
   <div class='ocr_carea' id='block_1_4' title="bbox 0 0 896 3000">
    <p class='ocr_par' dir='ltr' id='par_1_12' title="bbox 0 0 896 3000">
     <span class='ocr_line' id='line_1_30' title="bbox 0 0 896 3000; baseline 0 4"><span class='ocrx_word' id='word_1_178' title='bbox 0 0 896 3000; x_wconf 95' lang='lat' dir='ltr'><strong> </strong></span> 
     </span>
    </p>
   </div>
  </div>
 </body>
</html>
