1770 2984
219 292 254 342 88
509 289 681 335 cremum

220 453 264 516 qui
278 453 380 517 perfidis
394 467 419 502 se
433 453 540 503 credidit
552 453 689 517 hostibus,

219 550 244 591 et
257 542 340 591 Marte
353 540 457 591 Poenos
469 550 581 606 proteret
593 541 676 592 altero

221 631 265 693 qui
278 631 335 678 lora
347 630 469 679 restrictis
481 630 583 680 lacertis

218 719 295 767 sensit
308 719 375 767 iners
389 718 526 780 timuitque
539 724 662 768 mortem.

218 860 261 908 hio
275 861 341 908 unde
353 860 433 908 vitam
446 867 558 909 sumeret
570 859 665 909 inscius

217 962 308 1010 pacem
322 948 406 999 duello
420 948 541 997 miscuit?
566 962 582 997 o
596 947 701 1011 pudori

218 1051 341 1102 omagna
355 1034 486 1101 Carthago
500 1035 630 1099 probrosis

163 1150 166 1156 ·
218 1125 294 1175 altior
307 1124 398 1174 Italiae
411 1116 521 1174 ruinisi’

219 1266 298 1315 fertur
312 1267 420 1329 pudicae
433 1266 552 1330 coniugis
564 1264 681 1314 osculum

217 1369 360 1417 parvosque
373 1363 447 1403 natos
459 1362 487 1402 nt
499 1352 591 1417 eapitis
602 1353 690 1403 minor

219 1441 251 1489 ab
266 1456 292 1490 se
305 1443 443 1491 removisse
456 1449 481 1491 et
493 1442 593 1491 virilem

219 1538 305 1578 torvus
317 1530 390 1578 humi
404 1531 519 1594 posuisse
531 1530 643 1591 voltum,

183 1683 189 1690 ·
222 1671 304 1719 donee
316 1671 427 1719 labantis
440 1670 547 1719 consilio
560 1677 645 1734 putres

219 1759 332 1807 firmaret
344 1766 434 1807 auctor
447 1774 589 1821 numquam
601 1759 667 1808 alias
680 1760 761 1826 dato,

218 1847 336 1908 interque
349 1847 486 1895 maerentis
499 1848 595 1897 amicos

219 1935 335 2000 egregius
349 1945 498 1998 properaret
512 1936 597 1985 exsul.

220 2079 291 2140 atqui
303 2078 400 2127 sciebat
413 2091 479 2139 quae
492 2076 540 2125 sibi
553 2077 676 2127 barbarus

220 2174 301 2215 tortor
313 2173 430 2228 pararet:
445 2179 497 2214 non
511 2165 585 2214 aliter
598 2173 683 2215 tamen

222 2253 331 2300 dimovit·
343 2253 467 2301 obstantis
479 2254 639 2315 propinquos

220 2348 245 2390 et
257 2340 383 2403 populum
396 2340 491 2389 reditus
503 2349 648 2391 morantem

222 2496 300 2543 quam
313 2480 334 2530 si
347 2481 471 2529 clientum
484 2479 562 2545 longa
575 2482 680 2545 negotia

222 2569 363 2617 diiudicata
376 2569 420 2617 lite
433 2568 602 2631 relinqueret,

90 2674 94 2685 ·
168 2666 193 2704 ur
222 2658 327 2708 tendens
341 2656 502 2708 Venafranos
515 2659 542 2708 in
555 2674 631 2724 agros

222 2755 267 2796 aut
279 2747 515 2798 Lacedaemonium
529 2748 681 2797 Tarentum.
