1770 2984
368 193 461 232 arasa
476 193 500 232 1.
756 198 806 245 187

60 355 142 401 nescis
155 369 205 415 quo
219 353 302 402 valeat
314 369 449 415 nummus,
465 370 541 417 quem
553 355 675 417 praebeat
688 353 782 401 usum?

60 442 134 503 panis
148 449 260 500 ematur,
277 442 346 502 olus,
361 443 414 491 vini
428 445 565 504 sextarius,
582 444 647 492 adde

10 535 32 573 tt
62 529 117 590 quis
131 529 245 577 humana
259 530 308 578 sibi
321 531 407 579 doleat
419 539 512 579 natura
524 533 637 594 negatis.

61 632 94 664 an
107 617 215 679 vigilare
228 625 298 666 metu
312 619 473 680 exanimem,
487 627 626 682 noctesque
639 620 744 682 diesque

62 705 203 754 formidare
216 706 298 755 maios
311 706 394 767 fures,
408 707 543 768 incendia,
558 722 655 766 servos,

60 807 92 840 ne
105 802 130 841 te
144 793 274 856 conpilent
287 795 428 858 fugientes,
442 796 494 843 hoo
506 794 593 843 iuvat?
612 795 706 842 horum

61 896 162 944 semper
174 897 222 946 ego
236 884 348 946 optarim
360 884 539 946 pauperrimus
553 897 607 931 esse
620 884 763 933 bonorum.

62 978 88 1018 at
101 971 122 1017 si
135 970 269 1020 condoluit
282 979 436 1034 temptatum
449 971 544 1036 frigore
557 985 663 1033 corpus,

61 1067 106 1106 aut
119 1059 183 1106 alius
197 1074 268 1109 casus
281 1060 347 1108 lecto
361 1067 386 1107 te
399 1059 502 1119 adfixit,
518 1058 596 1108 habes
609 1061 653 1121 qui

62 1148 190 1208 adsideat,
205 1147 322 1197 fomenta
334 1158 421 1210 paret,
436 1148 566 1196 medicum
579 1155 652 1211 roget
664 1157 693 1196 ut
705 1155 730 1196 te

62 1235 167 1283 suscitet
180 1250 210 1283 aa
223 1236 290 1283 natis
303 1236 392 1284 reddat
405 1235 521 1296 carisque
534 1235 705 1298 propinquis?

61 1336 114 1370 non
127 1337 193 1370 uxor
206 1323 304 1370 salvum
317 1331 341 1372 te
354 1325 421 1383 volt,
437 1339 490 1372 non
502 1324 585 1383 filius;
607 1339 695 1373 omnes

61 1410 140 1458 vicini
154 1413 276 1471 oderunt,
290 1413 359 1473 noti,
372 1413 446 1475 pueri
459 1420 535 1475 atque
548 1413 664 1475 puellae.

62 1499 176 1558 miraris,
194 1515 252 1547 oum
265 1508 292 1549 tu
306 1508 412 1565 argento
425 1509 484 1564 post
496 1502 585 1550 omnia
596 1515 693 1563 ponas,

62 1587 84 1634 si
97 1602 173 1635 nemo
187 1597 297 1650 praestet
309 1604 386 1651 quem
399 1604 453 1638 non
466 1589 587 1638 merearis
599 1589 732 1637 amorem?

62 1676 121 1723 atsi
135 1685 272 1739 cognatos,
287 1678 360 1725 nulio
373 1686 465 1726 natura
477 1677 565 1725 labore

63 1779 128 1825 quos
140 1763 188 1812 tibi
201 1765 258 1823 dat,
274 1765 383 1813 retinere
396 1765 458 1812 veiis
471 1779 622 1826 servareque
635 1765 747 1823 amicos,

63 1852 156 1901 infelix
169 1867 275 1916 operam
287 1853 391 1916 perdas,
408 1859 435 1900 ut
447 1852 468 1900 ai
481 1852 538 1913 quis
552 1852 658 1900 asellum

63 1941 90 1988 in
104 1956 196 2003 campo
210 1941 302 1989 doceat
315 1948 450 2003 parentem
463 1955 563 1989 currere
577 1939 672 1989 frenis?

63 2029 174 2090 denique
187 2029 220 2076 ait
233 2028 290 2076 finis
303 2029 459 2091 quaerendi,
475 2042 584 2090 eumque
597 2028 693 2077 habeas
706 2028 777 2091 plus,

63 2117 213 2179 pauperiem
226 2124 325 2164 metuas
338 2117 423 2165 minus
436 2122 461 2165 et
472 2116 545 2165 finire
557 2115 673 2171 laborem

62 2205 173 2268 incipias
186 2213 261 2267 parto
275 2205 343 2266 quod
357 2204 462 2264 evehas,
477 2220 510 2253 ne
522 2205 602 2253 {aoias
615 2205 684 2266 quod

64 2292 210 2341 Ummidius
225 2292 345 2354 quidam.
372 2307 425 2341 non
437 2293 517 2356 longa
530 2300 566 2342 est
578 2293 682 2342 fabula.
710 2295 779 2344 dives

63 2387 92 2429 ut
105 2381 238 2429 metiretur
250 2395 383 2440 nummos,
398 2382 436 2430 ita
447 2381 564 2429 sordidus
576 2389 605 2430 ut
617 2397 643 2429 se

63 2484 116 2518 non
129 2484 254 2532 umquam
266 2484 337 2519 servo
350 2471 442 2519 melius
456 2470 571 2530 vestiret,
586 2470 618 2517 ad
632 2485 713 2532 nsque

62 2572 211 2621 supremum
224 2565 323 2621 tempus
335 2573 367 2607 ne
380 2573 406 2607 se
418 2560 527 2622 penuria
539 2559 621 2608 victus

64 2646 221 2710 opprimeret
233 2647 376 2696 metuebat.
403 2655 430 2696 at
442 2647 511 2695 huno
525 2647 616 2695 liberta
629 2647 710 2695 securi
