1770 2984
93 183 126 230 1ss
336 191 338 196 ·
381 172 546 219 CARMINUM

93 349 130 400 te,
147 342 223 390 boves
236 340 299 389 olim
311 339 360 393 nisi
374 339 527 389 reddidisses

39 438 65 476 ιο
93 445 139 494 per
152 429 241 477 dolum
254 435 366 487 amotas,
382 442 491 491 puerum
504 428 600 478 minaei
639 462 643 469 -

92 533 156 567 voce
169 519 231 580 dum
243 524 334 576 terret,
348 516 440 566 viduus
454 515 575 578 pharetra

93 607 149 655 risit
161 605 272 668 Apollo.

94 749 158 810 quin
171 756 196 795 et
208 746 313 795 Atrides
326 745 391 795 duee
405 752 429 794 te
441 745 564 809 superbos

94 835 144 884 Ilio
158 835 229 882 dives
241 834 360 883 Priamus
372 833 463 882 relicto

96 923 282 985 Thessalosque
295 922 363 986 ignis
375 928 401 971 et
412 921 503 984 inique
516 921 610 972 Troiae

96 1020 179 1062 castre
191 1010 298 1061 fefellit.

96 1162 125 1202 tu
137 1154 192 1216 pias
205 1152 279 1202 laetis
291 1152 391 1200 animus
404 1143 506 1214 reponis

97 1242 199 1291 sedibus
212 1242 335 1304 virgaque
348 1239 432 1289 levem
444 1253 545 1288 coerces

97 1345 176 1379 aurea
189 1329 304 1388 turbem,
318 1329 416 1392 superis
429 1329 536 1377 deorum

97 1428 185 1481 gratus
198 1426 223 1468 et
236 1417 308 1466 imis.

100 1966 141 2014 Tu
154 1980 185 2014 ne
199 1964 338 2028 quaesieris
351 1961 426 2027 (seire
437 1960 520 2026 nefas)
534 1977 610 2025 quem
624 1961 703 2023 mihi,
719 1979 796 2026 quem
809 1964 860 2014 tibi

100 2053 176 2102 finem
189 2053 215 2101 di
228 2052 359 2113 dederint,
373 2052 525 2112 Leuconoe,
540 2065 587 2099 nec
600 2049 758 2115 Babylonios

100 2139 234 2203 temptaris
246 2154 380 2189 numeros.
407 2146 436 2188 ut
452 2138 555 2199 melius,
571 2139 697 2202 quidquid
710 2139 772 2200 erit,
787 2141 860 2203 petii

100 2243 144 2278 seu
158 2228 238 2292 pluris
251 2228 348 2277 hiemes
360 2242 404 2277 seu
416 2226 506 2276 tribuit
518 2226 635 2292 Iuppiter
646 2226 764 2276 ultimum

103 2385 168 2433 quae
181 2384 250 2418 nune
263 2369 389 2433 oppositis
402 2368 519 2417 debilitat
531 2366 676 2431 pumicibus
689 2383 759 2418 mare

101 2458 279 2522 Tyrrhenum:
300 2457 399 2521 sapies,
414 2457 473 2506 vine
484 2456 567 2519 liques
580 2464 605 2505 et
617 2457 701 2519 spatio
715 2455 785 2505 breii

101 2561 172 2609 spem
185 2546 290 2611 longam
302 2559 413 2598 reseces.
440 2544 503 2593 dum
514 2544 646 2607 loquimur
659 2544 754 2608 fugerit
765 2545 859 2597 invida

98 2643 187 2681 uetes:
210 2649 286 2697 carpe
299 2634 380 2693 diem,
398 2647 476 2696 quum
488 2632 626 2681 minimum
638 2632 740 2681 credule
754 2643 869 2696 postero.
