1770 2984
117 165 168 214 208
400 159 578 201 samarium

118 339 199 388 paene
212 338 312 372 macros
325 323 386 372 arsit
398 322 460 370 dum
473 322 561 372 turdos
573 329 656 371 versat
669 323 697 371 in
709 324 786 388 igni.

117 428 180 462 nam
193 427 258 476 vaga
271 427 316 476 per
328 420 439 460 veterem
453 410 552 473 dilapso
566 410 670 459 flamma
683 412 806 463 culinam

118 500 236 549 Volcano
249 515 379 549 summurn
392 499 548 563 properabat
560 499 674 549 lambere
686 508 808 552 tectum.

66 598 92 636 'rt
120 589 238 638 convivas
251 589 339 637 avidos
352 604 443 638 cenam
456 602 592 650 seruosque
604 587 720 660 timentis

118 687 175 726 tum
187 691 277 740 rapere
290 686 367 740 atque
381 677 465 725 omnia
477 677 635 740 restinguere
648 676 714 726 velle
729 679 848 730 videres.

119 767 212 830 incipit
224 781 256 814 ex
268 765 314 814 illo
327 766 423 814 montis
436 765 552 828 Appulia
564 772 640 813 notos

120 863 248 905 ostentare
260 855 340 913 mihi,
356 868 420 916 quos
432 860 511 902 torret
524 853 651 902 Atabulus
665 861 690 902 et
703 869 773 916 quos

119 958 261 1005 numquam
275 956 419 1005 erepsemus
431 943 481 990 nisi
493 957 540 991 nos
553 941 637 990 vicina
650 942 752 992 Trivici

119 1032 179 1080 villa
192 1031 343 1094 recepisset,
358 1029 495 1078 lacrimoso
508 1044 561 1079 nou
573 1031 626 1079 sine
640 1029 729 1090 fumo,

119 1121 183 1168 udos
196 1136 255 1169 cum
269 1119 339 1168 foliis
350 1133 436 1167 ramos
449 1126 538 1167 urente
552 1119 669 1167 camino.

119 1210 161 1257 hic
175 1224 222 1272 ego
237 1207 387 1258 mendacem
399 1208 562 1256 stultissimus
575 1221 655 1269 usque
668 1207 791 1270 puellam

120 1297 152 1344 ad
166 1297 278 1346 mediam
291 1305 394 1344 noctem
407 1303 544 1358 exspecto:
566 1310 670 1344 somnus
682 1303 775 1346 tamen
790 1299 848 1348 auf<

120 1386 247 1433 intentum
261 1384 372 1433 Veneri:
394 1392 449 1433 tum
462 1385 585 1432 inmundo
598 1384 699 1432 somnia
712 1385 771 1434 visu

120 1480 273 1521 nocturnam
285 1481 381 1522 restem
394 1473 524 1521 maculant
535 1479 700 1534 ventremque
713 1474 847 1536 supinum

121 1568 243 1623 quattuor
255 1561 316 1609 hinc
329 1561 445 1623 rapimur
457 1561 550 1622 viginti
562 1568 587 1609 et
599 1560 673 1608 milia
686 1561 771 1622 redis,

121 1651 236 1698 mansuri
250 1649 375 1712 oppidulo
389 1649 458 1711 quod
471 1663 544 1697 versu
558 1650 642 1697 dicere
655 1663 707 1696 non
722 1659 776 1711 est,

120 1740 199 1802 signis
212 1738 336 1802 perfacile
349 1746 400 1787 est.
428 1738 498 1785 venit
510 1737 632 1785 vilissima
644 1753 731 1786 rernm

120 1829 164 1877 hio
177 1843 261 1891 aqua3
283 1828 325 1876 sed
338 1827 414 1890 panis
427 1827 504 1888 longe
516 1824 720 1887 pulcherrimus,
737 1829 812 1879 ultra

69 1925 94 1961 to
123 1917 230 1966 callidus
243 1925 272 1964 ut
284 1915 365 1964 soleat
377 1914 471 1963 umeris
484 1921 587 1977 portare
600 1914 699 1963 viator:

121 2023 182 2054 nam
196 2005 290 2055 Canusi
303 2003 448 2065 lapidosus,
464 2017 546 2064 aquae
558 2016 611 2050 non
624 2003 702 2050 ditior
715 2019 784 2052 urna

122 2096 166 2155 qui
179 2095 251 2141 locus
264 2108 279 2140 a
292 2092 355 2140 forti
369 2092 495 2139 Diomede
509 2099 545 2140 est
558 2091 675 2139 conditus
689 2090 770 2140 clim.

122 2182 242 2230 flentibus
256 2181 317 2228 hinc
330 2179 426 2228 Varius
439 2179 545 2228 discedit
558 2187 668 2228 maestus
680 2179 790 2229 amicis.

122 2269 182 2318 inde
196 2268 284 2315 Rubos
297 2268 356 2316 fessi
369 2268 545 2330 pervenimus,
560 2274 648 2330 utpote
661 2266 771 2330 longum

70 2363 95 2402 st
124 2362 256 2418 carpentes
270 2355 318 2403 iter
331 2364 356 2404 ct
369 2357 467 2405 factum
481 2356 624 2419 corruptius
638 2355 731 2403 imbri.

122 2453 224 2506 postera
237 2452 373 2507 tempestas
386 2445 491 2503 melior,
508 2446 549 2493 ria
562 2444 635 2507 peior
649 2445 681 2492 ad
695 2459 777 2506 usque

122 2534 183 2580 Bari
196 2533 300 2580 moenia
313 2532 423 2595 piscosi.
452 2534 511 2582 dein
525 2533 620 2583 Gnatia
632 2532 746 2597 lymphis

120 2622 194 2670 iratis
207 2629 335 2670 exstructa
348 2622 417 2670 dedit
429 2622 544 2684 risusque
557 2623 695 2683 iocosque,
