1784 3000
399 163 491 204 malta
500 165 550 205 111.

95 328 243 392 nostrisque
256 326 363 377 ductum
376 324 545 376 seditionibus

43 425 82 467 tor
95 415 195 467 bellum
207 415 317 465 resedit:
333 415 450 478 protinus
464 421 489 464 et
501 414 585 479 gravis

95 508 149 556 iras
162 513 188 555 et
200 503 312 553 invisum
324 511 459 567 nepotem,

95 592 193 645 Troica
206 607 283 655 quem
295 592 396 656 peperit
407 590 537 653 sacerdos,

94 734 175 784 Marti
189 732 333 782 redonabo.
360 731 435 781 illum
447 747 495 798 ego
508 733 606 783 lucidas

95 824 162 873 inire
175 822 260 882 sedes,
276 821 368 871 ducere
380 821 491 871 nectaris

47 916 71 959 u
96 925 172 962 sucos
185 918 210 960 et
223 908 334 959 adscribi
347 908 440 972 quietis

96 999 231 1050 ordinibus
243 998 328 1062 patiar
339 997 459 1047 deorum.

96 1142 158 1192 dnm
169 1140 265 1205 longus
277 1140 345 1190 inter
356 1139 450 1189 saeviat
463 1138 532 1188 Ilion

96 1231 260 1292 Romamque
272 1234 379 1291 pontus,
395 1227 510 1290 qualibet
522 1227 622 1277 exsules

96 1321 125 1370 in
137 1327 210 1385 parte
223 1323 348 1382 regnanto
362 1316 446 1376 beati;

53 1412 74 1453 to
98 1406 160 1457 dum
172 1405 272 1456 Priami
285 1404 438 1467 Paridisque
450 1402 525 1452 busto

96 1547 202 1598 insultet
215 1554 359 1596 armentum
373 1553 397 1595 et
410 1543 508 1596 catulos
520 1544 590 1594 ferae

96 1635 180 1686 oelent
192 1634 304 1696 inultae,
318 1641 367 1684 etet
380 1632 540 1697 Capitolium

96 1724 198 1789 fulgens
211 1722 428 1786 triumphatisque
440 1722 521 1784 possit

96 1812 180 1863 Roma
193 1811 269 1861 ferox
281 1810 341 1860 dare
354 1811 411 1859 iura
424 1809 523 1870 Medis3

56 1957 76 1998 tt
97 1952 227 2004 horrenda
239 1952 291 2003 late
302 1966 397 2002 nomeu
410 1952 439 2001 in
450 1951 555 2000 ultimas

97 2041 218 2092 extendat
231 2054 305 2102 oras,
319 2055 371 2103 qua
383 2040 481 2090 medius
491 2039 578 2104 liquor

97 2130 204 2181 secernit
216 2129 339 2194 Europen
352 2127 385 2177 ab
398 2128 480 2189 Afro,

98 2232 146 2282 qua
157 2217 274 2269 tumidus
286 2216 355 2280 rigat
367 2231 428 2267 arva
440 2216 528 2266 Nilus.

98 2362 188 2410 aurum
200 2360 360 2424 inrepertum
372 2357 446 2408 etsie
458 2357 550 2406 melius
562 2356 640 2406 situm

100 2462 156 2498 oum
168 2456 238 2499 terra
251 2446 320 2497 celat
331 2460 449 2510 spernere
461 2446 554 2495 fortior

98 2549 173 2599 quam
185 2549 278 2601 eogere
290 2535 417 2584 humanos
429 2533 457 2582 in
469 2547 529 2582 usus

99 2637 170 2674 omne
179 2637 280 2674 ssorum
293 2621 410 2686 rapiente
423 2623 535 2691 dextra,

103 2721 225 2762 Horatius.
237 2723 277 2767 od.
288 2724 351 2768 [ΠΙ.
