1770 2984
445 131 609 176 cummuni

486 454 553 504 vn.
585 437 591 447 '

151 702 307 752 Laudabunt
320 703 365 751 alii
378 702 475 751 claram
488 700 598 750 Rhodon
612 708 656 749 aut
668 699 810 763 Mitylenen

152 800 197 839 aut
208 790 331 853 Epheson
344 790 480 839 bimarisve
493 787 612 838 Corinthi

152 881 255 928 moenia
267 879 307 929 vel
318 879 423 929 Baccho
436 876 541 928 Thebas
553 877 593 927 vel
603 875 726 940 Apolline
738 873 856 938 Delphos

151 968 259 1030 insignis
272 976 316 1017 aut
328 967 453 1017 Thessala
467 967 579 1031 Tempe3

112 1116 124 1153 o
153 1119 210 1157 sunt
224 1109 317 1170 quibus
328 1123 410 1158 unum
423 1123 486 1172 opus
499 1115 537 1157 est
549 1107 662 1157 intactae
675 1106 790 1155 Palladis
802 1104 865 1155 urbe
874 1126 885 1149 ιι

151 1197 266 1246 carmine
278 1204 402 1260 perpetuo
415 1195 544 1246 celebrare
556 1204 581 1245 et

152 1285 266 1346 undique
279 1285 426 1349 decerptam
440 1284 520 1333 fronti
532 1298 690 1347 praeponere
703 1284 816 1344 olivam3

152 1373 278 1437 plurimus
289 1374 317 1421 in
329 1373 437 1422 Iunonis
448 1373 575 1423 honorem

153 1523 242 1578 aptum
255 1515 322 1564 diost
335 1515 407 1577 equis
420 1515 506 1578 Argos
519 1515 629 1578 ditisque
642 1515 777 1578 Mycenas:

101 1611 126 1648 ιο
155 1617 196 1652 me
208 1616 292 1666 neque
304 1611 358 1652 tam
371 1604 471 1666 patiens
483 1603 664 1654 Lacedaemon

153 1707 200 1741 nec
213 1702 267 1740 tam
279 1691 385 1740 Larisae
397 1692 521 1754 percussit
533 1707 639 1756 campus
651 1693 754 1755 opimae

154 1796 233 1843 <luam
246 1780 336 1829 domus
348 1779 485 1830 Albuneae
497 1781 639 1830 resonantis

154 1933 179 1972 et
191 1936 313 1986 praeceps
325 1923 396 1972 Anio
409 1937 441 1971 ae
453 1922 563 1971 Tiburni
576 1923 648 1970 lucus
661 1932 685 1972 et
698 1923 750 1971 uda

154 2010 292 2060 mobilibus
304 2011 422 2074 pomaria
432 2011 507 2062 rivis.

103 2103 126 2141 15
155 2099 226 2148 albus
238 2107 267 2149 ut
280 2098 388 2148 obscuro
402 2098 515 2173 dgterget
526 2098 616 2147 nubila
628 2099 700 2149 caelo

154 2202 229 2251 saepe
241 2195 318 2236 notus
330 2201 414 2249 neque
426 2188 536 2250 parturit
548 2186 638 2236 imbris

154 2337 294 2392 perpetuo,
309 2328 346 2378 sic
359 2335 387 2377 tu
398 2329 501 2392 sapiens
514 2328 586 2378 finire
598 2337 728 2379 memento

154 2417 285 2466 tristitiam
296 2417 414 2479 vitaeque
426 2417 527 2467 labores

155 2504 241 2565 molli,
256 2504 364 2565 Plance,
380 2519 465 2567 mero,
479 2520 524 2554 seu
537 2511 562 2555 te
575 2505 702 2570 fulgentia
714 2505 793 2570 signis

85 2597 116 2630 20
143 2601 229 2639 eastra
243 2601 336 2644 tenent
345 2608 390 2643 seu
404 2594 483 2644 densa
495 2593 592 2644 tenebit
