<?xml version="1.0" encoding="UTF-8"?>
<!DOCTYPE html PUBLIC "-//W3C//DTD XHTML 1.0 Transitional//EN"
    "http://www.w3.org/TR/xhtml1/DTD/xhtml1-transitional.dtd">
<html xmlns="http://www.w3.org/1999/xhtml" xml:lang="en" lang="en">
 <head>
  <title>
</title>
<meta http-equiv="Content-Type" content="text/html;charset=utf-8" />
  <meta name='ocr-system' content='tesseract 3.04.00' />
  <meta name='ocr-capabilities' content='ocr_page ocr_carea ocr_par ocr_line ocrx_word'/>
</head>
<body>
  <div class='ocr_page' id='page_1' title='image "./qhoratiflacciop00vahlgoog_0314.png"; bbox 0 0 1784 3000; ppageno 0'>
   <div class='ocr_carea' id='block_1_1' title="bbox 404 378 529 420">
    <p class='ocr_par' dir='ltr' id='par_1_1' title="bbox 404 378 529 420">
     <span class='ocr_line' id='line_1_1' title="bbox 404 378 529 420; baseline 0 -2"><span class='ocrx_word' id='word_1_1' title='bbox 404 378 498 420; x_wconf 73' lang='lat' dir='ltr'>mene</span> <span class='ocrx_word' id='word_1_2' title='bbox 507 380 529 420; x_wconf 92' lang='lat'>1.</span> 
     </span>
    </p>
   </div>
   <div class='ocr_carea' id='block_1_2' title="bbox 43 542 883 2996">
    <p class='ocr_par' dir='ltr' id='par_1_2' title="bbox 94 542 759 872">
     <span class='ocr_line' id='line_1_2' title="bbox 94 542 727 608; baseline -0.005 -15"><span class='ocrx_word' id='word_1_3' title='bbox 94 545 134 594; x_wconf 86' lang='lat' dir='ltr'>vel</span> <span class='ocrx_word' id='word_1_4' title='bbox 147 559 222 592; x_wconf 89' lang='lat' dir='ltr'>cursu</span> <span class='ocrx_word' id='word_1_5' title='bbox 235 558 356 608; x_wconf 85' lang='lat' dir='ltr'>superare</span> <span class='ocrx_word' id='word_1_6' title='bbox 370 557 460 592; x_wconf 86' lang='lat' dir='ltr'>canem</span> <span class='ocrx_word' id='word_1_7' title='bbox 473 543 513 592; x_wconf 90' lang='lat' dir='ltr'>vel</span> <span class='ocrx_word' id='word_1_8' title='bbox 525 542 621 591; x_wconf 89' lang='lat' dir='ltr'>viribus</span> <span class='ocrx_word' id='word_1_9' title='bbox 635 557 727 606; x_wconf 86' lang='lat' dir='ltr'>aprum</span> 
     </span>
     <span class='ocr_line' id='line_1_3' title="bbox 94 631 697 697; baseline -0.007 -15"><span class='ocrx_word' id='word_1_10' title='bbox 94 634 191 697; x_wconf 89' lang='lat' dir='ltr'>possis;</span> <span class='ocrx_word' id='word_1_11' title='bbox 214 633 279 681; x_wconf 84' lang='lat' dir='ltr'>adde</span> <span class='ocrx_word' id='word_1_12' title='bbox 291 631 377 681; x_wconf 87' lang='lat' dir='ltr'>virilia</span> <span class='ocrx_word' id='word_1_13' title='bbox 390 632 460 694; x_wconf 90' lang='lat' dir='ltr'>quod</span> <span class='ocrx_word' id='word_1_14' title='bbox 473 631 614 695; x_wconf 82' lang='lat' dir='ltr'>speciosius</span> <span class='ocrx_word' id='word_1_15' title='bbox 626 646 697 679; x_wconf 85' lang='lat' dir='ltr'>arma</span> 
     </span>
     <span class='ocr_line' id='line_1_4' title="bbox 94 720 759 783; baseline -0.002 -14"><span class='ocrx_word' id='word_1_16' title='bbox 94 736 149 770; x_wconf 88' lang='lat' dir='ltr'>non</span> <span class='ocrx_word' id='word_1_17' title='bbox 162 730 199 770; x_wconf 89' lang='lat' dir='ltr'>est</span> <span class='ocrx_word' id='word_1_18' title='bbox 211 721 256 783; x_wconf 93' lang='lat' dir='ltr'>qui</span> <span class='ocrx_word' id='word_1_19' title='bbox 268 728 374 770; x_wconf 82' lang='lat' dir='ltr'>tractet:</span> <span class='ocrx_word' id='word_1_20' title='bbox 395 720 444 768; x_wconf 92' lang='lat' dir='ltr'>scis</span> <span class='ocrx_word' id='word_1_21' title='bbox 457 735 509 782; x_wconf 94' lang='lat' dir='ltr'>quo</span> <span class='ocrx_word' id='word_1_22' title='bbox 522 720 634 769; x_wconf 81' lang='lat' dir='ltr'>clamore</span> <span class='ocrx_word' id='word_1_23' title='bbox 647 734 759 769; x_wconf 88' lang='lat' dir='ltr'>coronae</span> 
     </span>
     <span class='ocr_line' id='line_1_5' title="bbox 94 808 757 872; baseline -0.002 -15"><span class='ocrx_word' id='word_1_24' title='bbox 94 809 192 872; x_wconf 87' lang='lat' dir='ltr'>proelia</span> <span class='ocrx_word' id='word_1_25' title='bbox 204 809 329 858; x_wconf 81' lang='lat' dir='ltr'>sustineas</span> <span class='ocrx_word' id='word_1_26' title='bbox 341 808 510 872; x_wconf 88' lang='lat' dir='ltr'>campestria;</span> <span class='ocrx_word' id='word_1_27' title='bbox 532 809 641 870; x_wconf 89' lang='lat' dir='ltr'>denique</span> <span class='ocrx_word' id='word_1_28' title='bbox 654 824 757 858; x_wconf 85' lang='lat' dir='ltr'>suevam</span> 
     </span>
    </p>

    <p class='ocr_par' dir='ltr' id='par_1_3' title="bbox 43 896 766 1747">
     <span class='ocr_line' id='line_1_6' title="bbox 43 896 671 960; baseline 0 -14"><span class='ocrx_word' id='word_1_29' title='bbox 43 911 48 919; x_wconf 84' lang='lat'><em>&#39;</em></span> <span class='ocrx_word' id='word_1_30' title='bbox 95 897 217 947; x_wconf 89' lang='lat' dir='ltr'>militiam</span> <span class='ocrx_word' id='word_1_31' title='bbox 229 912 293 960; x_wconf 89' lang='lat' dir='ltr'>puer</span> <span class='ocrx_word' id='word_1_32' title='bbox 305 906 330 947; x_wconf 91' lang='lat' dir='ltr'>et</span> <span class='ocrx_word' id='word_1_33' title='bbox 342 897 497 948; x_wconf 84' lang='lat' dir='ltr'>Cantabrica</span> <span class='ocrx_word' id='word_1_34' title='bbox 510 896 578 946; x_wconf 87' lang='lat' dir='ltr'>bella</span> <span class='ocrx_word' id='word_1_35' title='bbox 591 897 671 946; x_wconf 86' lang='lat' dir='ltr'>tulisti</span> 
     </span>
     <span class='ocr_line' id='line_1_7' title="bbox 95 985 746 1049; baseline 0 -15"><span class='ocrx_word' id='word_1_36' title='bbox 95 987 142 1035; x_wconf 93' lang='lat' dir='ltr'>sub</span> <span class='ocrx_word' id='word_1_37' title='bbox 157 988 221 1036; x_wconf 91' lang='lat' dir='ltr'>duce</span> <span class='ocrx_word' id='word_1_38' title='bbox 234 987 278 1049; x_wconf 93' lang='lat' dir='ltr'>qui</span> <span class='ocrx_word' id='word_1_39' title='bbox 292 986 394 1049; x_wconf 91' lang='lat' dir='ltr'>templis</span> <span class='ocrx_word' id='word_1_40' title='bbox 407 985 564 1034; x_wconf 81' lang='lat' dir='ltr'><strong>Parthorum</strong></span> <span class='ocrx_word' id='word_1_41' title='bbox 576 985 650 1049; x_wconf 86' lang='lat' dir='ltr'>signa</span> <span class='ocrx_word' id='word_1_42' title='bbox 663 985 746 1049; x_wconf 85' lang='lat' dir='ltr'>refigit</span> 
     </span>
     <span class='ocr_line' id='line_1_8' title="bbox 94 1074 719 1138; baseline 0.002 -15"><span class='ocrx_word' id='word_1_43' title='bbox 94 1091 164 1124; x_wconf 90' lang='lat' dir='ltr'>nunc</span> <span class='ocrx_word' id='word_1_44' title='bbox 178 1083 202 1125; x_wconf 86' lang='lat' dir='ltr'>ct</span> <span class='ocrx_word' id='word_1_45' title='bbox 215 1076 301 1138; x_wconf 87' lang='lat' dir='ltr'>siquid</span> <span class='ocrx_word' id='word_1_46' title='bbox 314 1076 385 1125; x_wconf 83' lang='lat' dir='ltr'>abest</span> <span class='ocrx_word' id='word_1_47' title='bbox 396 1075 468 1125; x_wconf 89' lang='lat' dir='ltr'>Italis</span> <span class='ocrx_word' id='word_1_48' title='bbox 481 1074 613 1123; x_wconf 84' lang='lat' dir='ltr'>adiudicat</span> <span class='ocrx_word' id='word_1_49' title='bbox 625 1076 719 1124; x_wconf 76' lang='lat' dir='ltr'>armiS.</span> 
     </span>
     <span class='ocr_line' id='line_1_9' title="bbox 95 1163 661 1223; baseline 0 -11"><span class='ocrx_word' id='word_1_50' title='bbox 95 1180 125 1212; x_wconf 85' lang='lat' dir='ltr'>ac</span> <span class='ocrx_word' id='word_1_51' title='bbox 138 1179 171 1213; x_wconf 88' lang='lat' dir='ltr'>ne</span> <span class='ocrx_word' id='word_1_52' title='bbox 183 1173 207 1213; x_wconf 88' lang='lat' dir='ltr'>tc</span> <span class='ocrx_word' id='word_1_53' title='bbox 220 1165 335 1213; x_wconf 78' lang='lat' dir='ltr'>retrahas</span> <span class='ocrx_word' id='word_1_54' title='bbox 347 1173 372 1213; x_wconf 89' lang='lat' dir='ltr'>et</span> <span class='ocrx_word' id='word_1_55' title='bbox 383 1163 565 1213; x_wconf 76' lang='lat' dir='ltr'>inexcusabilis</span> <span class='ocrx_word' id='word_1_56' title='bbox 578 1163 661 1223; x_wconf 85' lang='lat' dir='ltr'>absis,</span> 
     </span>
     <span class='ocr_line' id='line_1_10' title="bbox 95 1252 766 1315; baseline -0.001 -14"><span class='ocrx_word' id='word_1_57' title='bbox 95 1253 212 1315; x_wconf 87' lang='lat' dir='ltr'>quamvis</span> <span class='ocrx_word' id='word_1_58' title='bbox 223 1254 261 1301; x_wconf 90' lang='lat' dir='ltr'>nil</span> <span class='ocrx_word' id='word_1_59' title='bbox 275 1262 348 1302; x_wconf 85' lang='lat' dir='ltr'>extra</span> <span class='ocrx_word' id='word_1_60' title='bbox 360 1267 496 1302; x_wconf 87' lang='lat' dir='ltr'>numerum</span> <span class='ocrx_word' id='word_1_61' title='bbox 507 1252 596 1302; x_wconf 80' lang='lat' dir='ltr'>fecisse</span> <span class='ocrx_word' id='word_1_62' title='bbox 610 1253 766 1314; x_wconf 89' lang='lat' dir='ltr'>modumque</span> 
     </span>
     <span class='ocr_line' id='line_1_11' title="bbox 96 1341 655 1405; baseline -0.002 -15"><span class='ocrx_word' id='word_1_63' title='bbox 96 1357 185 1400; x_wconf 87' lang='lat' dir='ltr'>curas,</span> <span class='ocrx_word' id='word_1_64' title='bbox 200 1343 328 1391; x_wconf 89' lang='lat' dir='ltr'>interdum</span> <span class='ocrx_word' id='word_1_65' title='bbox 341 1341 448 1405; x_wconf 84' lang='lat' dir='ltr'>nugaris</span> <span class='ocrx_word' id='word_1_66' title='bbox 462 1356 519 1390; x_wconf 91' lang='lat' dir='ltr'>rure</span> <span class='ocrx_word' id='word_1_67' title='bbox 532 1350 655 1404; x_wconf 88' lang='lat' dir='ltr'>paterno:</span> 
     </span>
     <span class='ocr_line' id='line_1_12' title="bbox 94 1429 653 1494; baseline 0 -16"><span class='ocrx_word' id='word_1_68' title='bbox 94 1431 206 1494; x_wconf 84' lang='lat' dir='ltr'>partitur</span> <span class='ocrx_word' id='word_1_69' title='bbox 219 1430 303 1480; x_wconf 84' lang='lat' dir='ltr'>lintris</span> <span class='ocrx_word' id='word_1_70' title='bbox 316 1430 458 1489; x_wconf 84' lang='lat' dir='ltr'>exercitus,</span> <span class='ocrx_word' id='word_1_71' title='bbox 473 1429 551 1478; x_wconf 89' lang='lat' dir='ltr'>Actia</span> <span class='ocrx_word' id='word_1_72' title='bbox 564 1443 653 1493; x_wconf 82' lang='lat' dir='ltr'>pugna</span> 
     </span>
     <span class='ocr_line' id='line_1_13' title="bbox 95 1518 681 1582; baseline 0.002 -16"><span class='ocrx_word' id='word_1_73' title='bbox 95 1527 120 1566; x_wconf 90' lang='lat' dir='ltr'>te</span> <span class='ocrx_word' id='word_1_74' title='bbox 133 1519 197 1566; x_wconf 90' lang='lat' dir='ltr'>duce</span> <span class='ocrx_word' id='word_1_75' title='bbox 210 1533 256 1582; x_wconf 88' lang='lat' dir='ltr'>per</span> <span class='ocrx_word' id='word_1_76' title='bbox 267 1533 361 1580; x_wconf 89' lang='lat' dir='ltr'>pueros</span> <span class='ocrx_word' id='word_1_77' title='bbox 373 1518 463 1568; x_wconf 87' lang='lat' dir='ltr'>hostili</span> <span class='ocrx_word' id='word_1_78' title='bbox 475 1533 546 1568; x_wconf 88' lang='lat' dir='ltr'>more</span> <span class='ocrx_word' id='word_1_79' title='bbox 558 1518 681 1578; x_wconf 87' lang='lat' dir='ltr'>refertur,</span> 
     </span>
     <span class='ocr_line' id='line_1_14' title="bbox 96 1607 726 1670; baseline 0.003 -15"><span class='ocrx_word' id='word_1_80' title='bbox 96 1607 255 1656; x_wconf 83' lang='lat' dir='ltr'>adversarius</span> <span class='ocrx_word' id='word_1_81' title='bbox 267 1616 304 1657; x_wconf 87' lang='lat' dir='ltr'>est</span> <span class='ocrx_word' id='word_1_82' title='bbox 316 1608 410 1670; x_wconf 84' lang='lat' dir='ltr'>frater,</span> <span class='ocrx_word' id='word_1_83' title='bbox 426 1609 496 1657; x_wconf 86' lang='lat' dir='ltr'>lacus</span> <span class='ocrx_word' id='word_1_84' title='bbox 508 1607 621 1656; x_wconf 84' lang='lat' dir='ltr'>Hadria:</span> <span class='ocrx_word' id='word_1_85' title='bbox 644 1609 726 1657; x_wconf 90' lang='lat' dir='ltr'>donec</span> 
     </span>
     <span class='ocr_line' id='line_1_15' title="bbox 96 1696 698 1747; baseline 0.003 -4"><span class='ocrx_word' id='word_1_86' title='bbox 96 1696 248 1744; x_wconf 85' lang='lat' dir='ltr'>alterutrum</span> <span class='ocrx_word' id='word_1_87' title='bbox 262 1697 337 1746; x_wconf 91' lang='lat' dir='ltr'>velox</span> <span class='ocrx_word' id='word_1_88' title='bbox 349 1696 458 1746; x_wconf 83' lang='lat' dir='ltr'>victoria</span> <span class='ocrx_word' id='word_1_89' title='bbox 471 1697 563 1746; x_wconf 80' lang='lat' dir='ltr'>fronde</span> <span class='ocrx_word' id='word_1_90' title='bbox 576 1706 698 1747; x_wconf 88' lang='lat' dir='ltr'>coronet:</span> 
     </span>
    </p>

    <p class='ocr_par' dir='ltr' id='par_1_4' title="bbox 43 1785 788 2201">
     <span class='ocr_line' id='line_1_16' title="bbox 43 1785 664 1848; baseline 0.005 -15"><span class='ocrx_word' id='word_1_91' title='bbox 43 1796 68 1835; x_wconf 83' lang='lat' dir='ltr'>ss</span> <span class='ocrx_word' id='word_1_92' title='bbox 96 1786 241 1834; x_wconf 85' lang='lat' dir='ltr'>consentire</span> <span class='ocrx_word' id='word_1_93' title='bbox 253 1785 305 1834; x_wconf 91' lang='lat' dir='ltr'>suis</span> <span class='ocrx_word' id='word_1_94' title='bbox 318 1785 406 1834; x_wconf 90' lang='lat' dir='ltr'>studiis</span> <span class='ocrx_word' id='word_1_95' title='bbox 420 1787 464 1848; x_wconf 87' lang='lat' dir='ltr'>qui</span> <span class='ocrx_word' id='word_1_96' title='bbox 477 1786 613 1835; x_wconf 85' lang='lat' dir='ltr'>crediderit</span> <span class='ocrx_word' id='word_1_97' title='bbox 625 1795 664 1846; x_wconf 90' lang='lat' dir='ltr'>tc,</span> 
     </span>
     <span class='ocr_line' id='line_1_17' title="bbox 96 1872 742 1936; baseline 0.003 -16"><span class='ocrx_word' id='word_1_98' title='bbox 96 1874 183 1921; x_wconf 85' lang='lat' dir='ltr'>fautor</span> <span class='ocrx_word' id='word_1_99' title='bbox 196 1882 305 1935; x_wconf 88' lang='lat' dir='ltr'>utroque</span> <span class='ocrx_word' id='word_1_100' title='bbox 317 1881 390 1923; x_wconf 88' lang='lat' dir='ltr'>tuum</span> <span class='ocrx_word' id='word_1_101' title='bbox 402 1874 521 1922; x_wconf 86' lang='lat' dir='ltr'>laudabit</span> <span class='ocrx_word' id='word_1_102' title='bbox 533 1873 627 1936; x_wconf 89' lang='lat' dir='ltr'>pollice</span> <span class='ocrx_word' id='word_1_103' title='bbox 639 1872 742 1922; x_wconf 88' lang='lat' dir='ltr'>ludum.</span> 
     </span>
     <span class='ocr_line' id='line_1_18' title="bbox 96 1960 783 2026; baseline 0 -17"><span class='ocrx_word' id='word_1_104' title='bbox 96 1963 213 2024; x_wconf 83' lang='lat' dir='ltr'>protinus</span> <span class='ocrx_word' id='word_1_105' title='bbox 226 1971 255 2010; x_wconf 89' lang='lat' dir='ltr'>ut</span> <span class='ocrx_word' id='word_1_106' title='bbox 268 1976 389 2010; x_wconf 86' lang='lat' dir='ltr'>moneam</span> <span class='ocrx_word' id='word_1_107' title='bbox 402 1960 496 2025; x_wconf 88' lang='lat' dir='ltr'>(siquid</span> <span class='ocrx_word' id='word_1_108' title='bbox 511 1961 646 2010; x_wconf 89' lang='lat' dir='ltr'>monitoris</span> <span class='ocrx_word' id='word_1_109' title='bbox 658 1976 718 2024; x_wconf 84' lang='lat' dir='ltr'>eges</span> <span class='ocrx_word' id='word_1_110' title='bbox 730 1961 783 2026; x_wconf 83' lang='lat' dir='ltr'>tu),</span> 
     </span>
     <span class='ocr_line' id='line_1_19' title="bbox 97 2050 788 2112; baseline 0.001 -15"><span class='ocrx_word' id='word_1_111' title='bbox 97 2050 160 2112; x_wconf 91' lang='lat' dir='ltr'>quid</span> <span class='ocrx_word' id='word_1_112' title='bbox 173 2051 204 2098; x_wconf 92' lang='lat' dir='ltr'>de</span> <span class='ocrx_word' id='word_1_113' title='bbox 218 2064 321 2112; x_wconf 90' lang='lat' dir='ltr'>quoque</span> <span class='ocrx_word' id='word_1_114' title='bbox 334 2051 389 2099; x_wconf 86' lang='lat' dir='ltr'>viro</span> <span class='ocrx_word' id='word_1_115' title='bbox 405 2058 429 2099; x_wconf 89' lang='lat' dir='ltr'>ct</span> <span class='ocrx_word' id='word_1_116' title='bbox 441 2050 484 2099; x_wconf 90' lang='lat' dir='ltr'>cui</span> <span class='ocrx_word' id='word_1_117' title='bbox 497 2050 582 2108; x_wconf 88' lang='lat' dir='ltr'>dicas,</span> <span class='ocrx_word' id='word_1_118' title='bbox 601 2064 677 2112; x_wconf 81' lang='lat' dir='ltr'>saepe</span> <span class='ocrx_word' id='word_1_119' title='bbox 690 2050 788 2099; x_wconf 84' lang='lat' dir='ltr'>videto.</span> 
     </span>
     <span class='ocr_line' id='line_1_20' title="bbox 97 2138 748 2201; baseline 0.005 -16"><span class='ocrx_word' id='word_1_120' title='bbox 97 2146 305 2200; x_wconf 81' lang='lat' dir='ltr'>percontatorem</span> <span class='ocrx_word' id='word_1_121' title='bbox 318 2138 416 2201; x_wconf 84' lang='lat' dir='ltr'>fugito:</span> <span class='ocrx_word' id='word_1_122' title='bbox 437 2154 499 2187; x_wconf 86' lang='lat' dir='ltr'>nam</span> <span class='ocrx_word' id='word_1_123' title='bbox 512 2139 630 2201; x_wconf 88' lang='lat' dir='ltr'>garrulus</span> <span class='ocrx_word' id='word_1_124' title='bbox 643 2139 748 2201; x_wconf 89' lang='lat' dir='ltr'>idemst,</span> 
     </span>
    </p>

    <p class='ocr_par' dir='ltr' id='par_1_5' title="bbox 43 2227 749 2646">
     <span class='ocr_line' id='line_1_21' title="bbox 43 2227 747 2289; baseline 0 -13"><span class='ocrx_word' id='word_1_125' title='bbox 43 2239 70 2276; x_wconf 68' lang='grc' dir='ltr'>’το</span> <span class='ocrx_word' id='word_1_126' title='bbox 99 2241 146 2274; x_wconf 88' lang='lat' dir='ltr'>nec</span> <span class='ocrx_word' id='word_1_127' title='bbox 159 2228 270 2276; x_wconf 88' lang='lat' dir='ltr'>retinent</span> <span class='ocrx_word' id='word_1_128' title='bbox 283 2228 385 2289; x_wconf 85' lang='lat' dir='ltr'>patulae</span> <span class='ocrx_word' id='word_1_129' title='bbox 400 2227 528 2277; x_wconf 88' lang='lat' dir='ltr'>conmissa</span> <span class='ocrx_word' id='word_1_130' title='bbox 541 2227 648 2276; x_wconf 90' lang='lat' dir='ltr'>fideliter</span> <span class='ocrx_word' id='word_1_131' title='bbox 661 2242 747 2287; x_wconf 84' lang='lat' dir='ltr'>aures,</span> 
     </span>
     <span class='ocr_line' id='line_1_22' title="bbox 98 2314 749 2366; baseline 0.003 -3"><span class='ocrx_word' id='word_1_132' title='bbox 98 2323 122 2363; x_wconf 92' lang='lat' dir='ltr'>et</span> <span class='ocrx_word' id='word_1_133' title='bbox 135 2315 213 2363; x_wconf 88' lang='lat' dir='ltr'>semel</span> <span class='ocrx_word' id='word_1_134' title='bbox 227 2316 348 2364; x_wconf 85' lang='lat' dir='ltr'>emissum</span> <span class='ocrx_word' id='word_1_135' title='bbox 361 2316 429 2366; x_wconf 86' lang='lat' dir='ltr'>volat</span> <span class='ocrx_word' id='word_1_136' title='bbox 441 2315 615 2365; x_wconf 82' lang='lat' dir='ltr'>inrevocabile</span> <span class='ocrx_word' id='word_1_137' title='bbox 629 2314 749 2365; x_wconf 86' lang='lat' dir='ltr'>verbum.</span> 
     </span>
     <span class='ocr_line' id='line_1_23' title="bbox 98 2403 711 2468; baseline 0.003 -16"><span class='ocrx_word' id='word_1_138' title='bbox 98 2418 152 2452; x_wconf 88' lang='lat' dir='ltr'>non</span> <span class='ocrx_word' id='word_1_139' title='bbox 164 2403 261 2452; x_wconf 87' lang='lat' dir='ltr'>ancilla</span> <span class='ocrx_word' id='word_1_140' title='bbox 273 2411 347 2452; x_wconf 91' lang='lat' dir='ltr'>tuum</span> <span class='ocrx_word' id='word_1_141' title='bbox 360 2405 432 2453; x_wconf 88' lang='lat' dir='ltr'>iecur</span> <span class='ocrx_word' id='word_1_142' title='bbox 444 2405 540 2454; x_wconf 86' lang='lat' dir='ltr'>ulceret</span> <span class='ocrx_word' id='word_1_143' title='bbox 553 2405 606 2454; x_wconf 93' lang='lat' dir='ltr'>ulla</span> <span class='ocrx_word' id='word_1_144' title='bbox 616 2419 711 2468; x_wconf 86' lang='lat' dir='ltr'>puerve</span> 
     </span>
     <span class='ocr_line' id='line_1_24' title="bbox 98 2493 702 2556; baseline 0.003 -15"><span class='ocrx_word' id='word_1_145' title='bbox 98 2493 166 2541; x_wconf 84' lang='lat' dir='ltr'>intra</span> <span class='ocrx_word' id='word_1_146' title='bbox 180 2507 354 2541; x_wconf 88' lang='lat' dir='ltr'>marmoreum</span> <span class='ocrx_word' id='word_1_147' title='bbox 367 2493 506 2542; x_wconf 88' lang='lat' dir='ltr'>venerandi</span> <span class='ocrx_word' id='word_1_148' title='bbox 518 2494 597 2543; x_wconf 91' lang='lat' dir='ltr'>limen</span> <span class='ocrx_word' id='word_1_149' title='bbox 610 2495 702 2556; x_wconf 80' lang='lat' dir='ltr'>amici,</span> 
     </span>
     <span class='ocr_line' id='line_1_25' title="bbox 98 2582 697 2646; baseline 0.007 -17"><span class='ocrx_word' id='word_1_150' title='bbox 98 2596 131 2629; x_wconf 94' lang='lat' dir='ltr'>nc</span> <span class='ocrx_word' id='word_1_151' title='bbox 143 2582 263 2630; x_wconf 87' lang='lat' dir='ltr'>dominus</span> <span class='ocrx_word' id='word_1_152' title='bbox 276 2582 351 2644; x_wconf 91' lang='lat' dir='ltr'>pueri</span> <span class='ocrx_word' id='word_1_153' title='bbox 363 2582 465 2645; x_wconf 87' lang='lat' dir='ltr'>pulchri</span> <span class='ocrx_word' id='word_1_154' title='bbox 477 2596 581 2632; x_wconf 85' lang='lat' dir='ltr'>caraeve</span> <span class='ocrx_word' id='word_1_155' title='bbox 595 2583 697 2646; x_wconf 85' lang='lat' dir='ltr'>puellae</span> 
     </span>
    </p>

    <p class='ocr_par' dir='ltr' id='par_1_6' title="bbox 44 2671 883 2996">
     <span class='ocr_line' id='line_1_26' title="bbox 44 2671 759 2735; baseline 0.006 -18"><span class='ocrx_word' id='word_1_156' title='bbox 44 2678 70 2717; x_wconf 75' lang='lat'>&#39;15</span> <span class='ocrx_word' id='word_1_157' title='bbox 99 2685 202 2719; x_wconf 85' lang='lat' dir='ltr'>munere</span> <span class='ocrx_word' id='word_1_158' title='bbox 215 2678 239 2719; x_wconf 92' lang='lat' dir='ltr'>te</span> <span class='ocrx_word' id='word_1_159' title='bbox 252 2685 332 2733; x_wconf 88' lang='lat' dir='ltr'>parvo</span> <span class='ocrx_word' id='word_1_160' title='bbox 345 2671 403 2720; x_wconf 86' lang='lat' dir='ltr'>beet</span> <span class='ocrx_word' id='word_1_161' title='bbox 416 2680 461 2722; x_wconf 84' lang='lat' dir='ltr'>aut</span> <span class='ocrx_word' id='word_1_162' title='bbox 472 2673 653 2723; x_wconf 87' lang='lat' dir='ltr'>incommodus</span> <span class='ocrx_word' id='word_1_163' title='bbox 664 2683 759 2735; x_wconf 81' lang='lat' dir='ltr'>angat.</span> 
     </span>
     <span class='ocr_line' id='line_1_27' title="bbox 99 2758 883 2826; baseline -0.004 -19"><span class='ocrx_word' id='word_1_164' title='bbox 99 2758 202 2821; x_wconf 88' lang='lat' dir='ltr'>qualem</span> <span class='ocrx_word' id='word_1_165' title='bbox 215 2761 378 2810; x_wconf 87' lang='lat' dir='ltr'>commendes</span> <span class='ocrx_word' id='word_1_166' title='bbox 390 2762 469 2810; x_wconf 90' lang='lat' dir='ltr'>etiam</span> <span class='ocrx_word' id='word_1_167' title='bbox 481 2770 559 2826; x_wconf 85' lang='lat' dir='ltr'>atque</span> <span class='ocrx_word' id='word_1_168' title='bbox 572 2763 653 2812; x_wconf 85' lang='lat' dir='ltr'>etiam</span> <span class='ocrx_word' id='word_1_169' title='bbox 665 2761 883 2821; x_wconf 48' lang='lat' dir='ltr'>adspicemms</span> 
     </span>
     <span class='ocr_line' id='line_1_28' title="bbox 95 2847 682 2918; baseline 0.007 -24"><span class='ocrx_word' id='word_1_170' title='bbox 95 2848 224 2894; x_wconf 79' lang='lat' dir='ltr'>incutiant</span> <span class='ocrx_word' id='word_1_171' title='bbox 235 2847 322 2898; x_wconf 81' lang='lat' dir='ltr'>aliena</span> <span class='ocrx_word' id='word_1_172' title='bbox 335 2850 384 2900; x_wconf 83' lang='lat' dir='ltr'>tibi</span> <span class='ocrx_word' id='word_1_173' title='bbox 397 2861 511 2917; x_wconf 83' lang='lat' dir='ltr'>peccatu</span> <span class='ocrx_word' id='word_1_174' title='bbox 522 2851 664 2918; x_wconf 77' lang='lat' dir='ltr'>pudorem</span> <span class='ocrx_word' id='word_1_175' title='bbox 675 2885 682 2898; x_wconf 82' lang='lat'>.</span> 
     </span>
     <span class='ocr_line' id='line_1_29' title="bbox 108 2946 730 2996; baseline 0.023 -14"><span class='ocrx_word' id='word_1_176' title='bbox 108 2946 233 2988; x_wconf 78' lang='lat' dir='ltr'>Horatius.</span> <span class='ocrx_word' id='word_1_177' title='bbox 247 2951 288 2996; x_wconf 85' lang='lat' dir='ltr'>ed.</span> <span class='ocrx_word' id='word_1_178' title='bbox 299 2953 365 2996; x_wconf 86' lang='grc' dir='ltr'>ΗΠ.</span> <span class='ocrx_word' id='word_1_179' title='bbox 699 2949 730 2985; x_wconf 57' lang='grc' dir='ltr'>(ὶῦ</span> 
     </span>
    </p>
   </div>
   <div class='ocr_carea' id='block_1_3' title="bbox 0 0 902 3000">
    <p class='ocr_par' dir='ltr' id='par_1_7' title="bbox 0 0 902 3000">
     <span class='ocr_line' id='line_1_30' title="bbox 0 0 902 3000; baseline 0 0"><span class='ocrx_word' id='word_1_180' title='bbox 0 0 902 3000; x_wconf 95' lang='lat' dir='ltr'> </span> 
     </span>
    </p>
   </div>
  </div>
 </body>
</html>
