1770 2984
121 197 172 244 242
404 189 584 230 samaaaum

123 356 207 403 nudus
221 355 302 416 agris,
318 353 401 402 nudus
414 352 540 412 nummis,
555 352 662 410 insane,
677 355 824 416 paternis?

69 451 107 489 ree
122 443 219 492 scilicet
232 450 260 490 ut
273 441 376 505 plausus
389 454 454 503 quos
467 441 517 489 fert
530 441 649 504 Agrippa
663 440 736 490 ferae
752 451 797 501 tu,

122 539 206 580 astuta
219 531 360 594 ingenuum
372 529 459 593 volpes
471 529 573 577 imitata
585 528 690 578 leonem
700 520 718 577 .’
734 558 773 566 —

121 634 154 668 ne
167 619 223 681 quis
236 618 355 668 humasse
368 617 429 666 velit
441 616 565 676 Aiacem,
581 616 691 678 Atrida,
706 626 785 669 vetas
799 622 867 670 curi

121 708 180 756 ‘rex
193 707 271 756 sum.³
296 706 334 755 nil
346 706 414 756 ultra
427 719 523 768 quaero
535 705 666 768 plebeius.
689 699 735 757 ‘et
749 722 866 772 aequam

123 811 177 844 rem
189 796 326 859 imperito,
340 802 367 843 at
379 795 400 843 si
414 795 457 843 cui
470 794 559 843 videor
571 807 625 842 non
636 793 738 857 iustus,
754 797 846 847 inulto

70 893 108 930 reo
123 887 207 933 dicere
220 883 289 946 quod
302 883 378 932 sentit
390 873 531 946 permitto.³
555 882 671 931 maxime
682 897 794 947 regum,

123 973 148 1020 di
162 972 209 1021 tibi
222 972 283 1021 dent
295 979 372 1035 capta
384 971 491 1021 classem
504 970 629 1019 deducere
641 969 742 1023 Troia.

124 1076 184 1125 crgo
197 1059 328 1109 consulere
341 1066 367 1109 et
380 1073 443 1108 mox
455 1059 608 1122 respondere
619 1058 728 1108 licebit?

122 1148 240 1198 ‘consule
250 1147 267 1199 .’
291 1163 335 1197 cur
348 1148 433 1208 Aiax,
448 1147 525 1196 heros
538 1146 571 1195 ab
585 1146 690 1195 Achille
702 1150 854 1211 secundus,

123 1238 246 1301 putescit,
261 1237 356 1286 totiens
368 1236 473 1286 servatis
485 1235 568 1284 clarus
581 1233 705 1285 Achivis?

70 1335 108 1374 let
124 1325 234 1390 gaudeat
245 1333 274 1374 ut
287 1326 397 1389 populus
409 1324 507 1374 Priami
520 1323 690 1386 Priamusque
702 1323 864 1387 inhumato,

122 1429 168 1476 per
181 1427 258 1475 quem
271 1421 309 1462 tot
321 1415 425 1463 iuvenes
437 1412 522 1475 patrio
536 1427 639 1462 caruere
652 1413 793 1476 sepulcro?

122 1501 206 1549 ‘mille
220 1501 306 1550 ovium
318 1501 425 1550 insanus
437 1501 516 1549 morti
528 1499 613 1560 dedit,
633 1499 765 1550 inclutum
776 1501 876 1554 Ulixen

123 1599 147 1639 et
160 1589 308 1638 Menelaum
321 1604 376 1638 una
388 1604 488 1637 mecum
502 1603 528 1638 se
541 1589 656 1638 occidere
669 1583 812 1640 clamane.'

123 1687 151 1726 tu
165 1693 283 1741 cumpro
297 1676 376 1726 vitula
389 1677 478 1726 statuis
491 1676 591 1726 dulcem
606 1677 701 1727 Aulide
715 1685 810 1727 natam

71 1776 108 1813 200
124 1776 183 1816 ante
197 1782 254 1815 aras
268 1766 417 1830 spargisque
430 1765 500 1814 mola
514 1772 603 1827 caput,
619 1763 745 1829 inprobe,
760 1766 846 1827 salsa,

124 1865 222 1905 rectum
236 1855 316 1904 animi
329 1853 430 1903 servas?
448 1852 589 1916 quorsum?
606 1853 712 1902 insanus
726 1853 792 1917 qnid
807 1855 877 1905 euim

496 1942 566 1990 Aiax

125 2033 186 2081 fecit
200 2048 258 2080 curn
271 2031 359 2081 stravit
372 2029 441 2079 ferro
454 2029 552 2092 pecus?
570 2028 694 2078 abstinuit
705 2030 760 2079 vim

125 2134 207 2169 rixore
221 2128 245 2169 et
257 2128 349 2184 gnato:
371 2119 440 2168 mala
453 2118 535 2167 multa
547 2124 664 2181 precatus
677 2116 781 2169 Atridis

126 2221 178 2254 non
192 2207 237 2255 ille
250 2215 296 2256 aut
309 2208 437 2256 Teucrum
451 2215 496 2256 aut
508 2207 591 2270 ipsum
602 2206 709 2255 violavit
722 2206 844 2263 Ulixen.

73 2303 112 2341 aot
124 2285 228 2342 ‘verum
242 2309 289 2358 ego
302 2303 331 2342 ut
343 2295 470 2344 haerentis
483 2295 587 2344 adverso
599 2294 676 2343 litore
687 2295 762 2344 navis

126 2384 252 2446 eriperem
264 2383 376 2444 prudens
389 2382 489 2444 placavi
502 2383 626 2446 sanguine
639 2373 736 2432 divos.'

126 2485 218 2533 nempe
230 2478 289 2530 tuo,
304 2468 413 2521 furiose.
440 2465 526 2532 ‘meo‚
541 2470 648 2520 sednon
663 2470 778 2522 furiosus
789 2467 806 2526 ,³
819 2503 858 2516 .-

127 2560 171 2620 qui
184 2559 280 2621 species
293 2557 357 2607 alias
370 2559 422 2607 veri
431 2559 588 2622 'scelerisque
600 2558 711 2608 tumultu

117 2648 268 2713 permixtas
283 2646 381 2713 capiet,
396 2655 532 2697 conmotus
544 2645 694 2707 habebitur,
710 2655 793 2710 atque
