1770 2984
296 217 301 222 '
371 211 466 251 LIBER
480 211 518 250 11.

11 379 52 419 100
68 372 138 435 quod
152 372 244 434 cupide
258 373 346 435 petiit,
362 380 462 421 mature
475 374 551 436 plena
564 374 682 435 reliquit.

67 460 119 508 hoc
133 474 210 524 paces
224 460 337 509 habuere
350 461 433 510 bonae
447 462 567 524 ventique
580 462 697 511 secundi.

66 547 167 597 Romae
180 547 253 597 dulce
266 548 311 597 diu
324 548 375 597 fuit
388 556 412 598 et
424 549 547 614 sollemne
559 551 659 600 reclusa

66 651 143 686 mane
156 637 235 685 domo
249 637 372 701 vigilare,
387 637 475 687 clienti
489 651 607 701 promere
619 638 691 697 iura,

18 732 54 771 1⁰5
68 733 159 774 cautos
171 726 320 775 nominibus
332 726 408 776 rectis
420 726 565 789 expendere
579 740 715 786 nummos,

67 815 179 864 maiores
192 814 298 875 audire,
313 814 408 863 minori
421 814 520 875 dicere,
535 829 581 878 per
593 829 659 876 quae

67 917 181 953 crescere
194 917 233 952 res
245 911 345 966 posset,
360 903 442 951 minui
455 903 580 952 damnosa
592 902 691 954 libido.

16 997 51 1039 101
66 991 131 1054 quid
143 991 229 1054 placet
240 999 285 1040 aut
295 991 355 1040 odio
368 998 418 1050 est,
434 991 503 1053 quod
513 1005 568 1040 non
578 989 704 1040 mutabile
716 989 820 1038 credas?

66 1079 179 1130 mutavit
190 1088 303 1130 mentem
315 1079 427 1144 populus
439 1078 502 1128 levis
515 1087 541 1128 et
553 1079 618 1128 calet
631 1092 683 1126 uno

66 1168 197 1218 scribendi
210 1169 311 1228 studio,
328 1168 401 1232 pueri
414 1174 550 1230 patresque
562 1167 644 1215 severi

10 1260 53 1306 110
68 1256 161 1306 froude
173 1270 261 1305 comas
274 1256 354 1305 vincti
367 1263 460 1304 cenant
473 1262 498 1305 et
510 1254 625 1303 carmina
639 1255 752 1303 dictant.

65 1346 122 1408 ipse
135 1358 198 1408 ego,
214 1345 259 1407 qui
271 1344 356 1394 nullos
368 1359 409 1393 me
422 1344 531 1392 adfirmo
545 1341 656 1392 scribere
668 1357 769 1401 versus,

65 1433 185 1482 iuvenior
197 1433 301 1483 Parthis
313 1433 463 1482 mendacior
476 1439 501 1482 et
513 1432 584 1496 prius
597 1440 653 1481 orto

66 1521 122 1571 sole
135 1521 198 1586 vigil
211 1521 340 1571 calamum
353 1530 378 1571 ct
388 1523 489 1571 chartas
502 1530 527 1571 et
539 1519 634 1570 scrinia
647 1535 739 1584 posco.

67 1623 162 1658 navem
174 1623 250 1674 agere
263 1610 367 1674 ignarus
379 1610 452 1659 navis
468 1610 559 1670 timet,
575 1609 729 1658 abrotonum
742 1622 819 1670 aegro

10 1702 54 1745 11⁶
68 1712 123 1748 non
136 1698 213 1748 audet
224 1696 274 1747 uisi
288 1700 332 1760 qui
345 1698 435 1747 didicit
448 1699 525 1757 dare,
540 1695 609 1759 quod
622 1695 806 1744 medicorumst

68 1785 225 1850 promittunt
237 1786 346 1846 medici,
362 1793 474 1836 tractant
486 1785 591 1834 fabrilia
603 1783 686 1832 fabri:

67 1873 203 1924 scribimus
214 1873 314 1924 indocti
326 1875 447 1937 doctique
459 1881 581 1938 poemata
594 1871 703 1936 passim.

68 1962 112 2011 hic
124 1977 195 2012 error
206 1969 294 2012 tamen
307 1970 332 2013 et
343 1963 406 2012 levis
418 1964 482 2013 haec
495 1961 596 2012 insania
609 1966 718 2022 quantas

69 2051 176 2101 virtutes
188 2051 283 2101 habeat
294 2052 331 2101 sic
343 2051 448 2116 collige.
473 2051 538 2101 vatis
550 2064 641 2100 avarus

11 2149 53 2188 lto
68 2152 122 2188 non
135 2147 230 2190 temere
244 2146 282 2189 est
294 2141 410 2189 animus:
426 2155 512 2189 versus
524 2146 609 2199 amat,
624 2137 772 2186 hocstudet

389 2243 471 2276 unum
480 2246 486 2288 ;

68 2316 239 2378 detrimenta,
255 2317 329 2382 fugas
340 2331 486 2379 servorum,
500 2317 620 2367 incendia
632 2317 710 2375 ridet3

67 2418 123 2454 non
136 2403 254 2454 fraudem
267 2407 338 2455 socio
352 2420 463 2470 puerove
475 2406 601 2471 incogitat
613 2406 694 2454 ullam

67 2491 185 2558 pupillo;
200 2494 262 2543 vivit
274 2494 377 2558 siliquis
389 2503 415 2544 et
427 2509 494 2558 pane
506 2495 633 2555 secundo,

68 2581 179 2631 militiae
192 2597 351 2645 quamquam
364 2584 474 2647 pigeret
487 2583 585 2643 malus,
600 2583 671 2632 utilis
683 2582 755 2640 urbi,

10 2679 52 2722 125
67 2671 89 2721 si
103 2669 149 2719 das
163 2671 229 2733 hoc,
244 2672 330 2734 parvis
342 2685 447 2736 quoque
459 2672 536 2722 rebus
545 2670 761 2735 manuninum„
