1770 2984
130 191 181 240 228
413 180 596 224 5555555555

79 357 104 397 55
133 351 177 413 qui
191 363 231 398 me
245 346 384 396 commorit
399 343 503 409 (melius
515 358 568 393 non
581 351 703 409 tangere,
719 344 825 413 clamo)

131 437 202 486 flebit
215 446 238 486 55
251 435 358 499 insignis
370 441 427 483 tota
439 432 585 482 cantabitur
597 432 678 483 urbe.

133 525 239 575 Cervius
251 524 331 573 iratus
343 522 411 586 leges
424 522 558 571 minitatur
571 527 596 570 55
608 535 719 582 aruum,

133 613 244 663 Canidia
257 612 348 660 Albuti
360 609 453 673 quibus
467 618 504 659 555
515 609 623 658 inimica
634 623 786 670 venenum,

132 701 229 766 grande
242 700 339 748 malum
352 699 448 747 Turius
461 697 547 761 siquid
559 712 585 746 se
597 698 684 747 indice
698 707 800 750 certes:

82 797 107 836 5ο
135 800 163 839 ut
177 804 228 851 quo
243 789 351 851 quisque
364 787 431 836 volet
444 794 575 850 suspectos
588 793 683 836 terreat
695 794 783 850 utque

133 881 241 941 imperet
253 876 303 924 hoc
316 882 409 924 natura
420 884 527 937 potens,
542 875 579 924 sio
592 873 686 938 collige
698 890 827 927 mecum.

134 968 209 1015 dente
222 965 313 1028 lupus,
329 978 409 1012 comu
422 972 510 1012 taurus
523 962 604 1026 petit3
626 962 696 1012 unde
708 964 765 1014 nisi
779 965 854 1016 intus

134 1051 323 1103 monstratum?
342 1049 453 1100 Scaevae
466 1051 581 1100 vivacem
594 1050 667 1099 crede
681 1055 778 1114 nepoti

136 1150 259 1200 matrem3
281 1141 319 1191 nil
333 1140 411 1188 faciet
423 1139 526 1189 sceleris
538 1139 582 1202 pia
595 1138 714 1188 dextera:
738 1142 844 1193 mirum

82 1238 107 1276 55
136 1240 163 1279 ut
181 1245 265 1293 neque
284 1230 353 1279 55155
373 1229 448 1292 lupus
461 1242 619 1291 quemquam
631 1240 716 1290 neque
731 1228 816 1282 dente
830 1233 883 1297 pe'

510 1316 570 1365 bos:

136 1407 179 1455 sed
192 1406 260 1453 mala
274 1406 347 1455 tollet
360 1420 440 1454 anum
452 1405 543 1455 vitiato
557 1404 632 1454 melle
644 1404 750 1456 cicuta.

135 1508 167 1542 uc
180 1495 287 1557 longum
300 1494 411 1542 faciam:
433 1509 478 1543 seu
491 1507 533 1542 me
545 1493 688 1555 tranquilla
701 1504 824 1547 55555555

136 1590 269 1645 exspectat
281 1597 326 1631 scu
339 1597 409 1632 mors
421 1583 484 1632 atris
498 1581 667 1632 circumvolat
680 1582 745 1642 5115,

137 1670 220 1730 dives,
235 1671 327 1733 inops,
343 1670 441 1721 Romae
454 1670 564 1721 seniore
577 1671 614 1719 155
626 1670 730 1720 iusserit
744 1674 839 1735 exsul,

83 1766 109 1805 55
138 1759 252 1821 quisquis
266 1760 314 1809 erit
327 1760 394 1809 vitae
407 1760 517 1809 scribam
530 1759 619 1808 color.
646 1759 676 1807 ‘0
690 1774 772 1824 puer,
789 1771 819 1813 55
831 1764 865 1813 515

138 1847 221 1896 vitulis
236 1856 323 1897 metuo
337 1856 361 1898 et
375 1848 502 1896 maiorum
515 1847 606 1909 nequis
621 1848 720 1897 amicus

138 1936 235 2001 frigore
247 1946 273 1986 te
286 1936 363 1985 feriat
372 1936 389 1983 .²
414 1935 493 1998 quid?
513 1951 573 1985 cum
585 1944 624 1985 555
636 1935 758 1987 Lucilius
771 1953 849 1988 ausus

137 2027 235 2087 primus
248 2026 276 2073 in
289 2026 358 2074 hunc
372 2025 456 2087 operis
469 2038 615 2087 conponere
628 2008 747 2074 carmina
761 2041 874 2085 morem,

138 2113 271 2162 detrahere
284 2122 309 2163 55
321 2112 431 2175 pellem,
445 2113 543 2162 nitidus
557 2128 609 2175 qua
623 2113 735 2175 quisque
749 2128 853 2178 perora

84 2206 109 2245 55
139 2201 254 2261 cederet,
268 2202 409 2250 introrsum
421 2201 517 2264 turpis,
533 2217 595 2250 num
608 2200 714 2250 Laelius
729 2210 756 2252 55
770 2203 813 2267 qui

138 2288 213 2336 duxit
225 2289 258 2337 ab
272 2303 393 2351 oppressa
404 2290 526 2338 meritum
538 2287 697 2353 Carthagine
709 2304 811 2342 nomen

138 2376 242 2437 ingenio
256 2375 347 2424 offensi
361 2377 490 2427 55515555
504 2377 609 2426 doluere
621 2377 727 2426 Metello

138 2463 294 2526 famosisque
306 2463 381 2527 Lupo
395 2474 518 2529 cooperto
531 2464 664 2516 versibus?
684 2469 758 2529 atqui

138 2552 262 2614 primores
275 2552 366 2615 populi
380 2554 491 2616 arripuit.
503 2556 679 2619 populumque
691 2554 831 2618 tributim,

84 2647 109 2685 70
136 2642 235 2693 seilicet
249 2641 294 2692 uni
308 2655 404 2704 aequus
416 2641 504 2691 virtuti
518 2653 595 2707 atque
608 2643 662 2692 eius
675 2643 782 2694 amicis.
