1770 2984
377 168 484 209 LIBER.

54 331 159 378 reducet
172 331 199 378 in
212 331 297 379 sedem
306 330 375 379 vice.
401 345 472 378 nuuc
485 337 509 378 et
522 328 700 379 Achaemenio

55 419 175 481 perfundi
189 420 270 467 nardo
283 419 353 466 iuvat
367 426 392 467 ct
404 418 454 466 fide
467 417 590 480 Cyllenea

14 517 27 553 o
56 507 140 556 levare
154 507 216 555 diris
230 513 336 570 pectora
348 506 580 567 sollicitudinibus,

53 594 150 643 nobilis
163 601 192 642 ut
204 594 295 658 grandi
308 594 403 643 cecinit
415 594 558 644 Centaurus
571 595 692 643 alumno:

53 675 160 732 ‘invicte
173 682 290 731 mortalis
303 682 351 730 dea
363 688 423 731 nate
435 697 499 745 puer
512 683 636 744 Thetide,

54 781 79 820 te
92 779 181 819 manet
193 770 314 819 Assaraci
326 770 415 829 tellus,
430 785 509 832 quam
521 770 618 833 frigida
630 772 698 820 tardi

55 860 155 909 findunt
168 857 321 909 Scamandri
333 858 456 918 flumina,
470 858 583 906 lubricus
595 866 620 907 et
633 857 742 908 Simois:

14 956 26 994 5
55 948 122 996 unde
136 947 183 996 tibi
196 947 308 996 reditum
321 954 391 996 certo
404 946 547 996 subtemine
559 961 653 1009 parcae

55 1051 160 1099 rupere,
173 1050 220 1085 nec
233 1041 315 1085 mater
328 1035 435 1083 domum
448 1035 551 1084 caerula
563 1041 588 1083 te
601 1035 716 1084 revehet.

54 1123 109 1172 illic
123 1138 199 1172 omne
212 1124 309 1171 malum
321 1124 383 1172 vino
397 1131 526 1185 cantuque
538 1123 636 1182 levato,

56 1212 179 1260 deformis
192 1212 367 1275 aegrimoniae
380 1210 498 1260 dulcibus
511 1211 662 1273 adloquiis.'

380 1635 475 1688 XIIII.

56 1829 144 1878 Mollis
156 1828 250 1877 inertia
262 1843 308 1877 cur
320 1833 419 1877 tantam
431 1827 563 1878 diffuderit
574 1828 633 1878 imis

56 1917 215 1966 oblivionem
228 1916 355 1976 sensibus,

56 2005 150 2070 pocula
162 2005 291 2054 Lethaeos
303 2012 332 2053 ut
344 2005 364 2053 si
378 2005 500 2053 ducentia
512 2018 615 2053 somnos

56 2102 146 2143 arente
159 2093 235 2142 fauce
246 2094 386 2152 traxerim,

16 2191 28 2229 5
57 2182 166 2230 candide
179 2182 330 2244 Maecenas,
346 2181 441 2231 occidis
453 2195 529 2244 saepe
541 2181 672 2246 rogando:

56 2271 118 2320 deus
131 2271 193 2320 deus
205 2286 266 2321 nam
279 2285 320 2320 me
332 2277 401 2320 vetat

56 2360 185 2422 inceptos,
201 2359 265 2407 olim
277 2359 432 2422 promissum
444 2373 563 2419 carmen,
578 2358 679 2408 iambos

56 2447 90 2495 ad
100 2446 254 2496 umbilicum
267 2448 406 2496 adducere.

57 2550 110 2584 non
123 2536 197 2585 aliter
209 2535 297 2586 Samio
311 2536 400 2585 dicunt
412 2535 503 2586 arsisse
515 2535 637 2600 Bathyllo

11 2633 29 2672 lo
56 2627 223 2675 Anacreonta
236 2625 339 2686 Teium,
