1770 2984
369 191 464 231 mmm
479 191 512 230 11.
760 197 811 244 263

65 353 179 416 inposita
192 354 262 401 haud
275 368 400 415 umquam
412 354 505 402 misera
519 352 658 402 formidine
672 353 773 415 privet?

66 443 131 491 adde
143 457 233 505 super,
249 441 324 490 dictis
337 441 406 502 quod
418 455 472 490 non
484 441 564 490 levius
577 442 674 490 voleat:
690 457 765 501 nom,

65 531 119 578 sive
132 530 243 578 vicarius
255 538 293 578 est
305 529 350 591 qui
362 543 432 578 servo
446 537 535 592 paret,
549 531 588 580 uti
601 545 656 580 mos

11 622 38 661 8⁰
66 626 147 668 vester
160 618 211 678 ait,
227 632 272 667 seu
285 631 436 679 conservus,
451 617 500 666 tibi
513 618 576 680 quid
589 633 645 667 sum
657 618 723 682 egoi
735 633 828 682 nempe

65 714 108 766 tu,
124 707 190 754 mihi
203 707 247 768 qui
259 705 408 769 imperitas,
423 705 482 754 aliis
491 706 570 754 servis
584 706 661 755 miser
674 714 750 768 atque

66 795 167 844 duceris
179 803 207 844 ut
219 795 303 844 nervis
316 793 407 843 alienis
421 792 517 842 mobile
530 794 643 858 lignum.

65 884 185 945 quisnam
200 883 280 947 igitur
292 881 376 931 liber?
389 882 506 946 sapiens,
521 882 570 931 sibi
583 883 628 943 qui
640 882 808 946 imperiosus,

67 986 143 1034 quem
156 985 240 1032 neque
253 971 389 1034 pauperies
399 984 484 1032 neque
496 983 565 1018 mors
577 984 660 1039 neque
673 971 776 1020 vincula

420 1065 531 1119 terrent,

10 1150 36 1189 ⁸5
65 1160 214 1209 responsare
227 1146 405 1210 cupidinibus,
420 1153 584 1195 contemnere
596 1146 707 1196 honores

63 1234 152 1296 fortis,
166 1236 231 1284 etin
243 1249 269 1283 se
282 1234 337 1297 ipso
351 1241 434 1293 totus,
446 1243 512 1283 teres
525 1241 604 1296 atque
616 1232 756 1294 rotundus,

63 1323 164 1371 externi
177 1321 273 1383 nequid
285 1321 370 1371 valeat
382 1336 427 1386 per
439 1319 495 1371 leve
507 1323 621 1382 morari,

63 1410 90 1457 in
105 1425 180 1471 quem
193 1424 286 1458 manca
299 1410 350 1458 ruit
360 1424 460 1474 semper
472 1409 590 1459 fortuna.
619 1419 722 1474 potesne

63 1512 95 1546 ex
108 1498 149 1546 his
163 1506 191 1546 ut
203 1499 338 1561 proprium
351 1498 413 1561 quid
426 1497 551 1548 noscere?
565 1498 678 1562 quinque
691 1498 787 1547 talenta

10 1591 35 1630 uo
63 1585 146 1648 poscit
159 1594 184 1634 te
197 1586 303 1644 mulier,
319 1594 395 1636 vexat
407 1585 558 1648 foribusque
570 1587 703 1650 repulsum

63 1673 194 1737 perfundit
205 1673 305 1737 gelida,
323 1688 410 1722 rursus
422 1683 512 1724 vocat.
539 1674 609 1737 eripe
622 1675 692 1737 turpi

63 1762 129 1810 colla
141 1762 219 1825 iugo,
233 1761 332 1823 “liber,
346 1760 412 1810 liber
425 1753 501 1810 sum''
514 1761 557 1810 dic
568 1775 631 1824 age.
658 1775 711 1809 non
724 1763 796 1823 quis:

62 1858 153 1914 urguet
166 1850 235 1899 euim
248 1831 368 1898 dominus
380 1857 492 1898 mentem
504 1863 557 1898 non
569 1848 634 1898 lenis
647 1856 672 1897 et
685 1850 751 1897 acris

61 1938 187 1986 subiectat
199 1937 265 1986 lasso
278 1937 396 1986 stimulos
409 1944 543 1999 versatque
557 1944 707 2001 negantem.

10 2033 32 2070 et
61 2025 99 2074 vel
112 2041 171 2073 cnm
184 2025 311 2075 Pausiaca
323 2033 424 2088 torpes,
439 2025 542 2086 insane,
555 2023 665 2082 tabella,

61 2114 105 2175 qui
119 2127 210 2176 peccas
224 2113 308 2161 minus
321 2121 399 2174 atque
413 2126 460 2177 ego
474 2127 534 2161 cum
547 2112 621 2160 Fulvi
634 2111 803 2176 Rutubaeque

60 2210 105 2249 aut
117 2200 279 2250 Placideiani
293 2208 416 2250 contento
429 2199 529 2264 poplite
542 2200 622 2248 miror

59 2288 158 2351 proelia
170 2288 274 2337 rubrica
287 2289 356 2351 picta
369 2297 414 2338 aut
426 2286 556 2349 carbone,
571 2289 639 2338 uelut
651 2289 672 2337 si

58 2389 84 2424 re
97 2390 157 2424 vera
169 2385 302 2438 pugnent,
317 2375 412 2426 feriant
424 2376 556 2439 vitentque
568 2385 697 2426 moventes

10 2471 43 2511 too
59 2478 131 2511 arma
143 2463 210 2513 viri?
223 2479 335 2526 nequam
349 2473 373 2514 et
385 2471 495 2514 cessator
507 2463 609 2514 Davus:
626 2473 652 2514 ot
665 2466 718 2528 ipse

57 2551 158 2600 subtilis
170 2559 287 2601 veterum
298 2552 377 2600 iudex
390 2560 415 2601 et
427 2552 535 2602 collidus
547 2553 633 2603 audis.

15 2684 21 2691 .
56 2639 93 2687 nil
107 2653 167 2702 ego,
182 2639 202 2688 si
217 2640 297 2689 ducor
308 2640 362 2689 libo
377 2640 508 2691 fumante:
525 2641 572 2690 tibi
585 2642 675 2705 ingens
