1784 3000
365 192 473 232 mssa.

59 364 103 403 aut
116 355 195 403 amite
209 354 258 403 levi
270 369 329 402 rara
341 356 423 404 tendit
435 356 501 403 retia

58 442 140 492 turdis
153 444 273 492 edacibus
286 443 372 505 dolos,

10 538 31 577 tt
58 532 233 595 pavidumque
246 531 359 594 leporem
372 539 397 581 et
410 532 534 581 advenam
548 531 641 594 laqueo
653 546 743 595 gruem

57 620 172 668 iucunda
185 627 272 681 captat
284 621 413 682 praemia.

58 709 116 771 quis
130 722 182 755 non
197 707 324 756 malarum
337 723 400 770 quas
413 723 487 756 arnor
499 723 572 756 curas
585 708 662 757 habet

57 798 122 845 haec
135 797 202 846 inter
216 796 391 846 obliviscitur?

58 885 150 948 quodsi
163 886 257 946 pudica
269 886 362 933 mulier
374 886 402 933 in
414 891 514 946 partem
526 885 595 934 iuvet

58 975 165 1023 domum
178 982 255 1035 atque
268 975 349 1022 dulcis
361 975 468 1033 liberos,

57 1061 156 1110 Sabina
169 1061 251 1123 qualis
264 1070 308 1110 aut
321 1069 424 1124 perusta
435 1061 534 1110 solibus

56 1151 170 1214 pernicis
184 1165 251 1199 uxor
264 1150 377 1213 Appuli,

56 1255 158 1288 sacrum
171 1240 276 1288 vetustis
288 1244 402 1287 exstruat
414 1238 491 1302 lignis
504 1238 592 1287 focum

55 1328 117 1376 lassi
130 1329 177 1376 sub
190 1328 328 1376 adventum
341 1328 403 1385 viri,

57 1416 231 1478 claudensque
244 1417 321 1465 textis
335 1416 446 1465 cratibus
459 1416 556 1465 lactum
567 1430 645 1478 pecus

58 1505 170 1554 distenta
183 1505 260 1553 siccet
272 1504 365 1564 ubera,

58 1601 83 1642 et
96 1594 181 1641 horna
194 1592 264 1641 dulci
276 1594 336 1641 vina
348 1607 467 1655 promens
481 1593 550 1642 dolio

57 1682 135 1743 dapes
148 1681 275 1744 inemptas
288 1682 408 1743 adparet:

56 1783 110 1820 non
123 1784 164 1818 me
176 1769 291 1818 Lucrina
303 1769 415 1817 iuverint
428 1769 564 1834 conchylia

10 1865 12 1875 '
56 1858 171 1920 magisve
184 1857 307 1906 rhombus
320 1867 365 1906 aut
377 1858 456 1917 scari,

57 1947 78 1997 si
92 1961 156 2010 quos
168 1947 231 1994 Eois
244 1947 361 2009 intonata
373 1945 492 1994 fluctibus
564 1935 566 1937 ยน

56 2036 140 2104 hiems
154 2036 186 2083 ad
199 2035 249 2083 hoc
262 2042 344 2084 vertat
356 2049 440 2092 mare,

58 2139 110 2173 non
123 2123 190 2172 Afra
204 2125 257 2172 avis
270 2123 408 2172 descendat
421 2123 448 2170 in
461 2130 575 2171 ventrem
587 2137 689 2183 meum,

56 2227 112 2261 non
125 2221 228 2274 attagen
241 2213 347 2261 Ionicus

10 2308 28 2347 tt
57 2300 208 2362 iucundior,
225 2315 303 2363 quam
315 2300 383 2350 lecta
395 2299 427 2349 dc
440 2300 615 2365 pinguissimis

57 2390 126 2438 oliva
138 2390 217 2437 ramis
230 2389 368 2448 arborum,

58 2485 104 2527 aut
116 2478 195 2527 herba
207 2477 308 2540 lapathi
320 2485 394 2540 prata
407 2478 518 2527 amantis
531 2484 556 2526 et
567 2477 639 2540 gravi

58 2565 157 2615 malvae
170 2566 284 2615 salubres
296 2566 413 2629 corpori,

56 2655 94 2703 rel
105 2669 172 2716 agna
185 2655 258 2705 festis
270 2669 346 2707 caesa
358 2655 562 2718 terminalibus2
