1770 2984
526 186 706 230 SA'HRABUM

242 357 324 400 mater
336 351 372 399 ait
385 351 458 414 pueri
471 351 564 400 mensis
576 351 629 398 iam
643 351 758 414 quinque
771 353 878 402 cubant

188 448 227 487 tto
240 433 351 502 ‘frigida
364 439 384 487 si
397 453 506 502 puerum
519 447 646 501 quartana
659 439 813 501 reliquerit,
830 442 880 491 illo

240 542 317 591 mane
330 527 372 575 die
386 543 438 589 quo
452 534 480 577 tu
493 528 585 577 indicis
597 527 695 577 ieiunia
708 527 796 576 nudus

240 614 268 664 in
282 615 369 663 Tiberi
383 616 461 665 stabit
468 607 483 665 .'
508 631 581 665 casus
593 616 739 665 medicusve
751 617 846 675 levarit

240 717 345 769 aegrum
359 719 392 753 ex
404 705 554 768 praecipiti:
576 713 658 754 mater
671 704 752 754 delira
764 706 876 756 necabit

240 793 268 841 in
281 792 366 856 gelida
379 792 460 841 fixum
472 793 529 856 ripa
541 793 685 855 febrimque
698 793 820 842 reducet:

187 889 226 928 eoo
241 895 327 944 quone
340 881 410 929 malo
423 887 536 930 mentem
549 879 688 930 concussa?
707 881 802 930 timore
816 882 870 932 deo

240 969 304 1019 haec
317 969 381 1017 mihi
395 967 548 1031 Stertinius,
563 970 707 1032 sapientum
722 975 848 1031 octavus,
867 988 884 1022 a

240 1073 314 1107 arma
327 1058 411 1117 dedit,
427 1058 535 1122 posthac
547 1073 579 1106 ne
592 1056 753 1120 conpellarer
764 1058 871 1110 inultus

240 1147 335 1196 dixerit
346 1148 465 1196 insanum
479 1146 523 1208 qui
535 1161 592 1208 me,
607 1144 716 1194 totidem
729 1146 820 1197 audiet
832 1156 884 1213 atq

238 1235 361 1299 respicere
374 1236 464 1300 ignoto
477 1235 557 1283 discet
569 1233 709 1297 pendentia
721 1240 794 1298 tergo
803 1226 820 1282 .’

186 1330 225 1368 too
239 1323 333 1382 stoice,
348 1333 407 1387 post
419 1324 543 1372 damnum
555 1323 591 1372 sic
604 1322 698 1371 vendas
711 1323 801 1371 omnia
815 1324 880 1386 plur

240 1426 291 1474 qua
303 1426 345 1461 me
357 1412 480 1471 stultitia,
495 1411 619 1474 quoniam
632 1424 685 1458 non
698 1417 735 1458 est
746 1425 830 1472 genus
846 1429 880 1462 u·

238 1499 352 1548 insanire
364 1501 458 1564 putas?
476 1515 524 1562 ego
538 1514 600 1549 nam
613 1499 700 1548 videor
712 1497 776 1546 mihi
791 1514 875 1552 sanus

237 1587 332 1650 ‘quidl
351 1598 430 1652 caput
443 1589 583 1638 abscissum
596 1586 714 1636 manibus
727 1602 786 1636 cum
800 1598 878 1651 port

239 1677 312 1739 gnati
325 1677 450 1738 infelicis,
466 1677 515 1725 sibi
529 1683 583 1725 tum
596 1675 694 1724 furiosa
706 1675 846 1724 videturi’

188 1772 226 1813 tot
240 1767 345 1815 stultum
358 1781 398 1816 me
411 1766 493 1814 fateor
507 1763 595 1829 (liccat
607 1764 747 1814 concedere
760 1765 841 1829 veris)

239 1864 317 1918 atque
329 1855 408 1904 etiam
420 1854 551 1902 insanum:
567 1860 668 1902 tantum
679 1852 731 1900 hoc
743 1852 877 1919 edissere,

239 1950 373 2007 aegrotare
385 1950 459 2007 putes
473 1943 553 1991 animi
565 1942 642 1991 vitio.
668 1934 787 2004 ‘accipe
816 1946 862 2006 pri
871 1968 885 1992 u

239 2032 373 2092 acdificas,
389 2031 439 2079 lroc
453 2038 489 2079 est
501 2030 592 2093 longos
604 2029 729 2090 imitaris,
744 2029 776 2077 ab
790 2031 849 2081 imo

240 2119 272 2166 ad
286 2135 417 2168 summum
430 2127 498 2169 totus
511 2118 609 2167 moduli
623 2118 764 2182 bipedalis:
787 2127 813 2168 et
826 2120 885 2173 ide

184 2214 225 2252 ιιι
240 2220 347 2269 corpore
361 2208 486 2256 maiorem
499 2208 567 2256 rides
580 2207 709 2256 Turbonis
721 2207 748 2254 in
762 2209 845 2258 armis

238 2294 357 2357 spiritum
371 2302 395 2343 et
408 2296 547 2345 incessum:
570 2296 614 2359 qui
627 2294 750 2344 ridiculus
764 2296 856 2348 minus
869 2302 878 2350 i

239 2397 272 2431 an
283 2381 464 2444 quodcumque
475 2383 539 2433 facit
546 2385 697 2443 Maecenas,
712 2392 737 2433 te
745 2398 854 2448 quoque
863 2405 881 2437 v

238 2477 339 2519 tantum
352 2469 519 2533 dissimilem,
535 2480 559 2522 et
572 2480 644 2521 tanto
658 2480 755 2521 certare
768 2474 876 2527 minore

239 2557 351 2607 absentis
365 2573 443 2607 ranae
456 2560 534 2624 pullis
546 2561 620 2610 vituli
633 2561 699 2625 pede
710 2561 818 2623 pressis,

173 2655 220 2698 ιιι
236 2663 304 2698 unus
316 2646 361 2698 ubi
375 2646 480 2717 effugit,
496 2649 573 2699 matri
586 2650 705 2699 denarrat
718 2655 745 2697 ut
758 2649 853 2713 ingens
