1770 2984
381 305 474 347 menn
488 306 512 346 1.

69 467 130 516 ‘uec
144 466 241 516 furtum
254 467 304 517 feci
317 482 365 517 neo
378 459 448 531 sngi'
461 468 482 518 si
495 468 561 517 mihi
574 468 636 518 dicit

69 570 169 614 servus,
183 547 278 605 ‘habes
291 556 418 619 pretium,
433 556 495 606 loris
508 571 562 605 non
574 557 655 605 ureris
683 557 740 606 aie.

68 643 134 692 ‘non
146 643 279 692 hominem
292 644 376 693 occidi
385 637 400 696 .'
419 659 471 693 uon
484 659 572 708 pasces
584 645 612 692 in
626 647 701 695 cruce
714 659 818 696 corvos.

67 746 139 780 ‘sum
152 732 234 780 bonus
248 740 273 780 et
285 731 379 795 frugi?
402 732 487 782 renuit
498 733 647 795 negitatque
660 732 786 782 Sabellus.

10 822 40 865 Ιο
68 828 157 868 cautus
171 820 243 869 euim
256 821 347 869 metuit
360 819 463 869 foveam
474 821 548 883 lupus
561 820 734 883 accipiterque

66 917 196 971 suspectos
209 909 318 971 laqueos
332 917 357 957 et
370 916 488 971 opertum
501 909 596 956 miluus
609 908 731 957 humum.

66 995 177 1044 oderunt
190 1010 297 1059 peccare
309 997 372 1045 boui
385 996 486 1046 virtutis
498 1010 601 1048 amore.

66 1091 94 1132 tn
107 1084 174 1132 nihil
189 1083 309 1133 admittes
320 1085 349 1132 in
361 1092 385 1134 te
398 1084 537 1132 formidine
550 1098 663 1147 poenae:

65 1171 98 1220 sit
110 1185 167 1235 spes
179 1170 303 1231 fallendi,
319 1171 438 1221 miscebis
451 1187 523 1221 sacre
536 1171 667 1234 profanis.

13 1261 38 1302 ⁶⁶
67 1274 129 1307 num
142 1259 173 1308 de
186 1259 257 1308 mille
270 1259 347 1308 fabae
361 1260 454 1308 modiis
466 1273 526 1308 cum
538 1259 645 1321 surripis
659 1275 754 1321 unum,

64 1347 189 1396 damnum
203 1357 255 1406 est,
270 1361 325 1395 non
337 1347 455 1406 fucinus,
471 1347 536 1395 mibi
549 1355 625 1410 paeto
638 1347 721 1397 lenius
733 1349 796 1397 isto.

63 1435 214 1495 virbonus,
230 1449 307 1484 omne
320 1434 405 1484 sorum
420 1449 497 1497 quem
509 1444 608 1499 spectat
620 1442 645 1484 et
658 1450 734 1485 omne
746 1436 867 1498 tribunal,

62 1524 281 1586 quandocumque
295 1523 356 1572 deos
369 1523 408 1571 vel
421 1538 501 1587 porco
514 1523 554 1573 vel
568 1522 632 1572 bove
645 1524 746 1587 placet,

59 1604 141 1660 ‘Iane
154 1603 240 1674 pster'
252 1611 337 1670 clare,
353 1612 421 1662 clare
434 1627 493 1661 cum
506 1612 574 1662 dixit
586 1611 692 1676 ‘Apollo
701 1606 718 1671 ‚³

10 1701 36 1744 to
63 1699 137 1748 labra
150 1708 236 1748 movet
248 1708 364 1749 metuens
378 1700 462 1748 audiri
474 1700 596 1763 ‘pulchra
608 1700 740 1759 Lavernae,

63 1787 97 1836 dn
110 1787 176 1836 mibi
190 1787 296 1847 follere,
311 1787 343 1835 da
355 1787 422 1836 iusto
436 1796 578 1850 sanctoque
590 1787 687 1845 videri,

63 1883 168 1923 noctem
180 1874 292 1937 peccatis
305 1883 329 1924 et
342 1874 479 1922 fraudibus
493 1875 567 1923 obice
580 1875 675 1924 nubem
685 1865 701 1921 .’

63 1963 109 2024 qui
123 1961 215 2011 melior
227 1976 315 2021 servo,
330 1961 376 2024 qui
388 1961 496 2010 liberior
511 1962 545 2010 sit
557 1976 663 2021 avarus,

61 2050 91 2101 iu
103 2049 185 2099 triviis
198 2049 281 2098 fixum
293 2064 352 2098 cum
364 2064 391 2098 se
404 2049 517 2098 demittit
529 2048 562 2098 ob
576 2064 672 2110 assem,

10 2142 32 2186 lo
62 2151 116 2186 non
129 2136 220 2188 video.
247 2152 309 2186 num
321 2137 366 2200 qui
379 2138 480 2200 cupiet,
493 2145 590 2187 metuet
602 2152 721 2200 quoque:
737 2151 815 2201 porro

62 2226 108 2287 qui
121 2232 238 2274 metucns
250 2225 326 2285 vivet,
342 2225 408 2274 liber
420 2224 486 2273 mihi
499 2239 553 2274 uon
566 2225 614 2274 erit
627 2240 765 2288 umquam.

62 2313 175 2377 perdidit
187 2327 275 2374 arms,
290 2313 378 2362 locum
390 2313 491 2362 virtutis
503 2314 623 2373 deseruit,
639 2314 683 2377 qui

61 2416 163 2465 semper
175 2402 204 2450 in
216 2402 333 2465 sugenda
346 2401 449 2452 festinat
463 2410 488 2451 et
500 2401 617 2451 obruitur
627 2417 670 2452 re.

62 2490 173 2539 vendere
186 2504 246 2538 cum
258 2491 339 2554 possis
353 2491 499 2554 captivum,
515 2490 631 2540 occidere
644 2490 713 2538 noli:

10 2589 31 2629 to
61 2579 153 2628 serviet
165 2577 278 2627 utiliter:
293 2579 349 2627 sine
362 2587 449 2642 puscet
462 2579 541 2627 durus
554 2586 673 2641 aretque,

62 2668 165 2731 naviget
178 2681 209 2715 ac
223 2666 314 2716 mediis
326 2666 423 2715 hiemet
435 2673 563 2716 mercator
576 2667 604 2715 in
617 2668 708 2727 undis,

62 2768 183 2804 annonae
195 2754 292 2817 prosit,
307 2761 391 2818 portet
403 2753 533 2804 frumenta
546 2769 691 2818 penusque.
