1770 2984
380 219 474 261 LIBER
482 247 487 260 .

62 397 138 441 cave,
154 396 229 430 cave:
250 396 363 444 namque
375 383 402 431 in
415 382 498 430 malos
512 381 666 445 asperrimus

62 477 154 534 parata
166 470 229 519 tollo
242 484 354 531 cornua,

63 559 146 620 qualis
158 558 307 622 Lycambae
321 565 420 621 spretus
433 558 513 607 infido
527 572 618 621 gener,

63 654 108 695 aut
121 660 179 695 acer
192 647 271 695 hostis
284 647 400 709 Bupalo.

9 744 33 782 rt
63 749 96 782 an
109 735 131 782 si
145 735 202 797 quis
215 741 272 783 atro
286 736 361 784 dente
373 749 414 783 me
427 734 559 798 petiverit,

62 822 159 871 inultus
170 830 199 872 ut
211 822 277 871 flebo
291 822 372 886 puer?

400 1245 453 1294 VII
463 1281 468 1292 .

63 1436 134 1500 Quo,
151 1452 202 1500 quo
216 1439 313 1488 scelesti
326 1438 399 1487 ruitis
414 1447 517 1488 auteur
531 1438 642 1487 dexteris

62 1532 183 1589 aptantur
196 1541 265 1575 enses
278 1526 392 1576 conditi?

61 1629 186 1677 parumne
199 1615 297 1677 campis
309 1622 388 1676 atque
400 1613 521 1677 Neptuno
535 1627 611 1677 super

61 1702 147 1751 fusum
160 1709 197 1751 est
209 1701 296 1750 Latini
309 1702 455 1764 sanguinis,

21 1799 32 1837 t
60 1805 114 1839 non
127 1798 156 1838 ut
168 1789 290 1852 superbas
302 1790 404 1838 invidae
419 1789 583 1853 Carthaginis

60 1878 195 1927 Romanus
208 1878 275 1927 arcis
287 1886 387 1937 ureret,

59 1968 172 2016 intactus
185 1973 229 2015 aut
242 1965 381 2014 Britannus
394 1971 423 2013 ut
435 1965 600 2014 descenderet

60 2070 131 2103 saera
144 2062 275 2103 catenatus
287 2054 343 2114 via,
437 2107 439 2113 y

59 2144 103 2192 sed
115 2151 144 2192 nt
156 2142 298 2192 secundnm
310 2148 370 2190 vota
380 2141 537 2190 Parthorum
549 2157 595 2190 sua

10 2242 33 2279 ιο
62 2231 121 2280 urbs
134 2231 198 2279 haec
210 2231 304 2293 periret
317 2228 441 2278 dextera?

59 2334 142 2383 neque
155 2319 198 2368 hie
211 2319 278 2382 lupia
291 2332 347 2366 mos
361 2332 408 2366 nec
421 2317 472 2367 fuit
483 2319 600 2369 leonibus

58 2422 202 2470 numquam
214 2406 265 2456 nisi
278 2407 307 2455 in
319 2407 406 2470 dispar
418 2407 491 2457 feris.

58 2495 163 2545 furorne
177 2509 266 2544 caecos
280 2511 312 2544 an
326 2496 394 2559 rapit
406 2497 443 2546 vis
456 2498 541 2546 aerior

59 2599 92 2632 an
105 2583 199 2647 culpa?
218 2598 369 2646 responsum
382 2586 455 2634 date.

11 2679 30 2718 rt
58 2678 158 2732 tacent,
173 2679 198 2722 et
211 2671 285 2721 albus
298 2687 344 2721 ora
356 2672 439 2736 pallor
451 2672 535 2722 inficit
