1770 2984
119 115 171 164 304
384 109 600 152 nmssunsaun

120 289 196 336 quem
209 273 369 338 paupertatis
381 272 465 336 pudor
478 279 504 322 et
516 272 593 336 luga,
608 272 679 323 dives
692 275 807 336 amicus,

67 369 92 408 ac
120 376 196 426 saepe
208 362 297 410 decem
310 361 380 410 vitiis
392 360 555 421 instructior,
571 361 626 410 odit
638 370 664 411 et
677 362 784 422 horret,

120 458 180 511 aut,
194 449 216 500 si
228 464 281 498 nou
295 449 364 510 odit,
379 450 445 513 regit
457 464 489 498 ac
500 449 580 497 veluti
592 450 638 512 pia
650 459 734 500 mater

119 539 177 602 plus
190 553 270 600 quam
281 553 309 587 se
321 553 411 602 sapere
423 547 449 588 et
460 536 597 588 vimudbus
609 551 663 587 esse
675 540 796 602 priorem

119 628 172 676 volt
185 636 210 677 et
222 627 258 676 ait
270 641 351 690 prope
363 641 437 677 vera:
458 627 544 676 ‘meae
556 623 724 691 (contendere
738 627 806 692 noli)

120 716 256 766 stultitiam
268 716 402 780 patiuntur
414 729 493 779 opes:
513 714 562 764 tibi
574 714 682 778 parvola
694 730 735 765 res
750 726 804 767 est.

68 812 93 850 so
121 813 177 855 arta
190 805 262 854 decet
274 819 366 854 sanum
379 803 502 853 comitem
514 811 591 868 toga:
613 804 702 853 desine
714 819 821 856 mecum

121 902 217 943 certare
225 893 244 942 .'
269 892 422 956 Eutrapelus
435 893 590 956 cuicumque
602 906 698 943 nocere
710 894 820 946 volebat

120 983 273 1031 vestimenta
285 980 364 1030 dabat
376 981 502 1045 pretiosa:
523 980 626 1032 ‘beatus
638 981 707 1052 enim
720 982 778 1032 iam

122 1085 180 1119 cum
192 1069 308 1133 pulchris
321 1068 415 1118 tunicis
429 1078 514 1120 sumet
526 1085 594 1121 nova
606 1070 715 1120 consilia
728 1079 755 1121 et
768 1087 826 1136 spes

121 1158 231 1209 dormiet
244 1159 272 1207 iu
286 1158 386 1219 lucem,
401 1167 486 1209 scorto
500 1167 638 1222 postponet
650 1158 794 1209 honestum

68 1254 94 1292 es
122 1246 254 1306 officium,
268 1261 390 1296 nummos
403 1247 500 1296 alienos
513 1257 614 1311 pascet,
629 1248 662 1298 ad
675 1247 759 1298 imum

121 1334 227 1384 Thraex
240 1334 288 1384 erit
301 1346 345 1384 aut
358 1336 457 1385 olitoris
470 1345 530 1399 aget
543 1337 661 1387 mercede
673 1336 806 1388 caballum
815 1349 826 1387 .'

121 1438 245 1472 arcanum
258 1437 341 1486 neque
354 1430 383 1472 tu
395 1425 549 1474 scrutaberis
561 1425 630 1475 illius
643 1440 786 1488 umquam,

121 1511 330 1575 conmissumque
342 1521 412 1576 teges
425 1522 451 1562 et
462 1514 522 1563 vino
535 1520 617 1565 tortus
631 1522 656 1564 et
668 1515 723 1566 ira.

121 1613 168 1648 nec
181 1608 226 1650 tua
239 1600 355 1651 laudabis
367 1601 452 1650 studia
464 1610 509 1652 aut
521 1601 608 1652 aliena
620 1602 773 1665 reprendes,

68 1696 93 1733 4⁰
121 1704 185 1750 uec,
200 1705 261 1738 cum
272 1690 361 1739 venari
374 1689 513 1751 volatilla,
528 1698 648 1754 poemata
660 1706 773 1756 pangas.

121 1779 204 1842 gratia
217 1779 253 1827 sic
265 1778 375 1827 fratrum
387 1781 550 1842 geminorum
562 1778 720 1844 Amphionis
733 1788 810 1844 atque

121 1867 195 1916 Zethi
209 1867 336 1927 dissiluit,
352 1866 435 1916 donec
447 1877 564 1931 suspecta
577 1883 664 1917 severo

121 1955 247 2004 conticuit
259 1955 331 2018 lyra.
359 1954 479 2005 fraternis
492 1955 595 2006 cessisse
608 1965 714 2021 putatur

121 2044 236 2092 moribus
249 2043 399 2108 Amphion:
421 2053 449 2093 tu
461 2045 522 2094 cede
534 2047 646 2109 potentis
659 2045 737 2094 amici

68 2135 94 2174 ss
121 2130 220 2180 lenibus
232 2131 363 2195 imperiis,
379 2133 548 2196 quotiensque
560 2134 651 2183 educet
663 2135 691 2184 in
704 2149 779 2199 agros

120 2216 223 2266 Aeoliis
235 2228 340 2269 onerata
352 2220 434 2286 plagis
446 2221 562 2271 iumenta
574 2236 716 2285 canesque,

120 2320 196 2368 surge
210 2315 236 2356 et
247 2307 406 2358 inhumanae
419 2310 518 2359 senium
531 2311 630 2374 depone
643 2326 780 2373 camenae,

121 2408 194 2443 cenas
206 2403 235 2444 ut
247 2394 343 2459 pariter
356 2395 489 2459 pulmenta
502 2398 632 2448 laboribus
645 2409 746 2463 empta3

120 2482 245 2532 Romanis
257 2483 381 2533 sollemne
392 2485 453 2534 viris
466 2499 543 2549 opus,
558 2487 621 2537 utile
634 2488 720 2538 famae

66 2576 92 2614 so
120 2570 237 2635 vitaeque
250 2581 276 2622 et
288 2572 423 2634 membris;
445 2575 597 2640 praesertim
610 2591 668 2626 cum
680 2578 765 2627 valeas
778 2586 803 2629 et
