1784 3000
399 208 493 249 LIBER
508 211 555 251 111.

97 366 176 416 dulce
189 376 214 416 et
227 369 352 417 decorum
365 378 401 418 est
414 385 460 434 pro
474 373 557 434 patria
569 374 651 422 mori:

98 469 171 504 mors
184 463 210 504 et
222 454 341 519 fugacem
354 460 513 522 persequitur
524 460 606 510 virum

43 550 67 589 tt
98 559 148 594 nec
164 544 247 607 parcit
260 543 362 593 inbellis
373 545 494 595 iuventae

96 632 242 697 poplitibus
254 633 398 694 timidoque
411 641 498 697 tergo.

97 774 179 823 virtus
192 772 309 838 repulsae
321 775 410 823 nescis
422 776 540 826 sordidae

96 862 260 912 intaminatis
274 862 354 926 fulget
366 862 508 912 honoribus

96 965 144 1000 nee
156 951 235 999 sumit
248 958 292 998 aut
305 951 379 1014 ponit
391 950 486 1000 securis

46 1044 71 1084 st
98 1038 206 1087 arbitrio
220 1038 352 1101 popularis
365 1053 457 1090 aurae.

97 1180 177 1229 virtus
191 1179 325 1230 recludens
337 1180 463 1229 inmeritis
476 1181 543 1229 mori

97 1268 199 1318 eaelum
213 1274 308 1330 negata
321 1275 429 1330 temptat
441 1268 489 1317 iter
501 1269 543 1317 via

97 1364 237 1417 coetusque
250 1355 360 1420 volgaris
374 1362 398 1404 et
411 1357 489 1405 udam

96 1445 194 1509 spernit
206 1444 314 1492 humum
328 1444 442 1508 fugiente
454 1458 552 1507 penna.

48 1591 71 1629 2⁶
97 1594 134 1635 est
146 1592 171 1634 et
185 1584 254 1634 fideli
267 1592 322 1633 tutu
334 1583 436 1634 silentio

95 1688 208 1723 merces:
229 1673 334 1732 vetab0‚
350 1673 394 1735 qui
408 1672 506 1724 Cereris
517 1690 619 1724 sacrum

95 1761 208 1826 volgarit
221 1775 345 1820 areunae,
360 1762 406 1811 sub
420 1762 500 1812 isdem

96 1851 128 1898 sit
140 1849 257 1899 trabibus
270 1848 421 1912 fragilemve
434 1864 535 1899 mecum

96 1990 178 2040 solvat
190 1989 330 2054 phaselon:
353 2005 429 2054 saepe
442 1991 570 2054 Diespiter

53 2080 71 2120 ³0
96 2079 227 2144 neglectus
240 2079 339 2128 incesto
353 2080 452 2129 addidit
464 2081 607 2143 integrum3

94 2181 151 2216 raro
165 2167 358 2217 antecedentem
371 2167 505 2217 scelestum

95 2254 204 2305 deseruit
216 2255 281 2318 pede
293 2253 386 2304 Poena.
395 2255 502 2304 claudo.

43 2382 79 2443 ΠΙ.
95 2397 192 2447 iustum
206 2404 231 2445 et
242 2404 358 2444 tenacem
371 2396 495 2460 propositi
508 2397 592 2445 virum

93 2499 146 2534 non
159 2483 255 2533 civium
269 2484 344 2532 ardor
356 2500 435 2548 prava
447 2486 606 2544 iubentium,

93 2587 147 2621 non
160 2571 244 2621 voltus
257 2572 374 2621 instantis
387 2573 491 2637 tyranni

89 2669 177 2708 mente
187 2659 272 2719 quatit
281 2659 364 2710 solida
377 2677 464 2728 neque
477 2673 585 2729 auster,
