1784 3000
294 189 460 232 demtum
473 191 567 232 mette
581 191 631 233 111.

86 351 225 404 destrictus
238 351 304 401 ensis
317 352 359 400 cui
371 367 447 416 super
459 352 531 416 inpia

86 440 188 492 cervice
201 439 311 503 pendet,
326 453 379 487 non
391 437 494 488 Siculae
506 441 584 505 dapes

86 527 193 579 dulcem
206 527 376 577 elaborabunt
387 542 520 591 soporem,

42 625 60 666 te
86 631 143 668 non
155 614 245 666 arium
257 614 420 679 citharaeque
433 624 523 666 cantus

87 771 212 808 somnum
224 741 361 806 reducent:
383 773 489 809 somnus
501 759 643 823 agrestium

87 846 153 897 leuis
165 845 282 894 virorum
294 860 347 896 non
359 846 464 897 humilis
476 846 568 897 domos

88 934 191 985 fastidit
201 933 400 998 umbrosamque
412 935 511 999 ripam,

88 1036 143 1072 non
156 1021 276 1087 zephyris
288 1022 386 1086 egitata
397 1032 497 1087 tempe.

43 1166 65 1210 ts
90 1161 278 1214 desiderantem
290 1162 360 1225 quod
371 1164 434 1213 satis
446 1170 484 1213 cst
496 1178 579 1227 neque

89 1249 279 1303 tumultuosum
291 1251 412 1302 sollicitat
424 1265 495 1302 mare

89 1354 138 1390 nec
149 1353 240 1390 merus
252 1339 348 1389 arcturi
362 1340 476 1390 cadentis

90 1427 203 1493 impetus
216 1434 262 1477 aut
274 1427 381 1477 orientis
393 1427 486 1487 haedi,

89 1583 144 1620 non
156 1568 304 1619 verberatae
315 1568 442 1633 grandine
454 1569 543 1618 vineae

44 1659 67 1702 to
90 1657 236 1719 fundusque
248 1656 373 1718 mendax,
388 1656 480 1706 arbore
492 1672 561 1707 nunc
574 1673 654 1721 aquas

90 1746 212 1811 culpante
225 1759 295 1794 nunc
307 1745 431 1795 torrentia
443 1759 520 1808 agros

90 1834 175 1884 sidere
187 1847 258 1882 nuuc
271 1832 367 1882 hiemes
379 1833 494 1897 iniquas.

92 1982 224 2025 eontracta
236 1973 321 2038 pisces
333 1988 448 2038 aequore
459 1974 572 2025 sentiunt

92 2061 165 2112 iactis
177 2062 205 2111 iu
219 2061 302 2110 altum
314 2062 439 2112 molibus:
460 2062 512 2112 huc
524 2062 643 2127 frequens

51 2148 70 2190 ⁸⁶
93 2158 226 2201 caementa
238 2149 350 2201 demittit
362 2150 509 2214 redemptor

93 2253 150 2289 cum
162 2237 269 2287 famulis
282 2238 453 2304 dominusque
465 2247 549 2290 terrae

92 2377 254 2429 fastidiosus:
275 2379 317 2429 sed
331 2380 409 2429 timor
421 2388 446 2430 et
457 2381 543 2430 minae

92 2467 219 2518 scendunt
231 2467 321 2517 eodem
334 2483 385 2531 quo
398 2468 532 2530 dominus,
548 2484 632 2532 neque

92 2555 192 2606 decedit
204 2563 291 2605 serata
303 2556 401 2606 triremi
414 2565 439 2606 et

44 2641 66 2686 lt
88 2649 150 2704 post
160 2643 270 2704 equitem
281 2643 354 2696 sedet
365 2652 426 2698 atra
438 2663 519 2703 cura.
