1770 2984
121 193 172 241 340
316 245 318 249 Ι
428 188 470 228 ns
485 189 567 229 nara

118 366 172 400 uon
185 352 268 413 quivis
282 351 351 401 videt
364 351 527 401 inmodulata
539 361 663 415 poemata
677 354 771 415 iudex,

119 448 144 489 et
157 441 218 490 data
231 440 356 489 Romanis
368 442 443 490 venia
456 449 494 489 est
506 441 614 505 indigna
627 443 729 505 poetis.

66 534 104 576 ast
119 529 250 578 idcircone
262 543 341 594 vager
353 530 515 592 scribamque
527 529 652 580 licenter?
665 547 700 580 an
713 533 799 580 omnis

118 619 217 667 visuros
229 627 336 682 peccata
349 627 437 682 putem
449 633 522 678 mea,
537 626 606 668 tutus
618 627 643 668 et
657 619 727 668 intra

118 721 190 769 spem
203 708 292 757 veniae
306 708 415 756 cautus?
435 707 513 757 vitavi
526 707 638 769 denique
651 708 776 771 culpam,

118 810 171 845 non
184 796 287 845 laudem
300 796 397 847 merui.
425 811 469 844 vos
483 796 642 859 exemplaria
656 795 759 845 Graeca

117 893 245 934 nocturna
257 893 355 934 versate
367 899 461 945 manu,
476 892 574 933 versate
586 885 695 935 diurna.

66 977 104 1017 2⁷0
119 981 145 1022 at
158 975 234 1022 vestri
247 973 335 1037 proavi
348 973 482 1023 Plautinos
496 982 520 1022 et
533 987 654 1023 numeros
666 981 692 1022 et

118 1062 256 1111 laudavere
269 1062 350 1122 sales,
364 1061 475 1111 nimium
488 1062 615 1124 patienter
628 1070 786 1124 utrumque,

118 1165 150 1200 ne
164 1150 250 1199 dicam
263 1150 355 1211 stulte,
369 1151 473 1211 mirati,
488 1151 511 1199 si
524 1150 601 1198 modo
615 1163 663 1214 ego
676 1159 701 1198 et
714 1165 759 1198 vos

118 1239 212 1288 scimus
224 1238 380 1287 inurbanum
392 1239 479 1302 lepido
492 1253 614 1301 seponere
627 1239 698 1288 dicto

118 1327 316 1392 legitimumque
329 1342 422 1376 sonum
435 1329 522 1392 digitis
535 1328 657 1377 callemus
669 1335 695 1376 et
708 1342 784 1376 aure.

65 1421 105 1461 2⁷5
119 1416 236 1480 ignotum
250 1416 362 1479 tragicae
374 1432 452 1481 genus
465 1418 591 1466 iuvenisse
603 1431 726 1465 camenae

119 1505 212 1553 dicitur
225 1513 250 1554 et
262 1504 381 1568 plaustris
392 1506 490 1555 vexisse
502 1512 622 1568 poemata
635 1504 745 1567 Thespis

119 1609 186 1656 quae
199 1601 320 1643 canerent
333 1603 486 1658 agerentque
500 1595 617 1657 peruncti
630 1593 749 1643 faecibus
764 1607 824 1642 ora.

119 1690 176 1746 post
189 1682 259 1731 hunc
272 1697 397 1746 personae
411 1683 548 1746 pallaeque
561 1690 676 1746 repertor
688 1683 814 1731 honestae

118 1767 261 1835 Aeschylffs
274 1778 299 1820 et
312 1772 421 1820 modicis
433 1772 551 1820 instravit
564 1772 665 1835 pulpita
676 1771 755 1835 tignis

65 1863 104 1902 280
119 1867 143 1908 et
156 1859 244 1908 docuit
258 1874 431 1923 magnumque
444 1860 516 1921 loqui
529 1861 629 1922 nitique
642 1861 786 1909 cothurno.

119 1949 239 1997 successit
251 1957 322 1997 vetus
335 1948 375 1996 his
390 1949 542 2008 comoedia,
557 1964 610 1997 non
623 1949 676 1998 sine
689 1948 772 1996 multa

117 2036 210 2085 laude:
232 2037 274 2085 sed
289 2037 316 2085 in
330 2037 422 2085 vitium
434 2037 540 2086 libertas
554 2038 651 2086 excidit
664 2044 689 2085 et
701 2036 754 2083 vim

118 2124 223 2188 dignam
236 2126 291 2190 lege
304 2126 372 2188 regi:
395 2126 438 2174 lex
451 2133 488 2175 est
501 2134 606 2189 accepta
619 2125 764 2186 chorusque

117 2214 227 2275 turpiter
240 2214 349 2262 obticuit
361 2214 462 2264 sublato
475 2217 530 2264 iure
542 2215 668 2265 nocendi.

66 2306 104 2345 2⁸5
119 2300 157 2348 nil
170 2301 352 2364 intemptatum
365 2304 445 2353 nostri
458 2304 556 2366 liquere
569 2314 675 2367 poetae,

118 2404 165 2438 uec
178 2389 315 2438 minimum
328 2406 443 2440 meruere
457 2393 533 2441 decus
545 2392 652 2456 vestigia
666 2391 763 2441 Graeca

119 2479 173 2527 ausi
188 2480 300 2528 deserere
314 2486 339 2528 et
352 2481 479 2530 celebrare
492 2482 632 2530 domestica
645 2480 729 2539 facta,

118 2567 157 2615 vel
171 2568 214 2629 qui
227 2574 373 2630 praetextas
385 2568 424 2616 vel
438 2569 481 2631 qui
495 2569 604 2617 docuere
618 2576 732 2632 togatas.

106 2672 156 2708 nec
171 2658 268 2712 virtute
283 2659 352 2714 foret
366 2658 477 2713 clarisve
489 2658 621 2726 potentius
632 2658 711 2705 armis
