1770 2984
293 192 388 233 mnus
402 193 465 234 1111.

67 368 106 403 rus
120 353 237 403 obarmet
251 369 372 417 quaerere
385 355 487 416 distuli,

66 443 128 492 seire
142 444 181 491 sas
195 450 232 491 est
244 444 346 504 omnia,
361 444 405 493 sed
418 445 462 492 <liu

67 548 105 594 pue
119 533 235 581 victrices
248 540 364 580 catervae

68 621 119 670 iliis
131 621 231 669 invenis
244 620 354 669 revictae

69 777 104 811 tre
117 762 178 823 quid
190 776 263 810 mens
276 761 337 820 rite,
353 761 416 823 quid
428 760 529 810 indoles

70 861 101 898 ta
114 850 202 899 faustis
215 850 261 899 sub
274 848 448 912 penetralibus

71 947 103 998 et,
118 940 179 1001 quid
191 937 303 1000 Augusti
316 944 437 999 paternus

72 1042 137 1077 ieros
150 1027 252 1076 animus
264 1026 392 1075 Nerones.

73 1184 81 1217 s
94 1177 213 1217 creantur
225 1168 333 1216 fortibus
346 1165 474 1226 etbonis3

74 1276 79 1304 ι
93 1258 220 1316 iuvencis,
235 1263 272 1305 est
283 1257 311 1303 in
325 1255 395 1317 equis
407 1261 510 1316 patrum

75 1361 94 1405 r,
109 1360 192 1407 neque
204 1344 324 1393 inbellem
338 1343 436 1392 feroces

76 1441 175 1482 ruerunt
187 1432 290 1495 aquilae
304 1431 466 1481 columbam:

78 1576 121 1623 ina
133 1575 177 1623 sed
189 1575 241 1622 vim
255 1579 388 1637 promovet
400 1573 518 1634 insitam,

80 1678 116 1725 ue
130 1662 213 1712 cultus
225 1669 330 1724 pectora
341 1661 480 1721 roborant3

80 1766 139 1813 ique
153 1750 268 1799 defecere
281 1762 378 1808 mores,

82 1847 158 1887 orant
170 1839 235 1887 bene
247 1846 309 1886 nata
321 1836 425 1898 culpae.

82 1980 184 2040 lebeus,
200 1994 215 2027 o
229 1978 327 2038 Roma,
342 1975 503 2036 Neronibus,

83 2068 231 2116 Metaurum
242 2067 338 2115 flumen
350 2072 375 2114 et
387 2063 534 2112 Hasdrubal

85 2172 115 2205 us
128 2165 152 2206 et
164 2155 270 2220 pulcher
283 2153 380 2216 fugatis

84 2260 108 2294 es
120 2244 197 2293 Latio
210 2242 321 2292 tenebris
362 2271 367 2280 ·

85 2387 154 2434 imus
168 2384 236 2432 alma
249 2384 305 2432 risit
317 2383 425 2444 adorsa,

86 2489 127 2537 per
140 2473 211 2521 urbis
224 2472 289 2520 Afer
301 2477 330 2520 ut
340 2470 420 2520 Italas

86 2577 163 2610 imma
176 2576 221 2624 per
233 2560 320 2609 taedas
333 2559 372 2608 vel
385 2573 459 2607 eurus

87 2650 155 2699 sulas
168 2648 293 2712 equitavit
304 2646 401 2696 undas.
