<?xml version="1.0" encoding="UTF-8"?>
<!DOCTYPE html PUBLIC "-//W3C//DTD XHTML 1.0 Transitional//EN"
    "http://www.w3.org/TR/xhtml1/DTD/xhtml1-transitional.dtd">
<html xmlns="http://www.w3.org/1999/xhtml" xml:lang="en" lang="en">
 <head>
  <title>
</title>
<meta http-equiv="Content-Type" content="text/html;charset=utf-8" />
  <meta name='ocr-system' content='tesseract 3.04.00' />
  <meta name='ocr-capabilities' content='ocr_page ocr_carea ocr_par ocr_line ocrx_word'/>
</head>
<body>
  <div class='ocr_page' id='page_1' title='image "./qhoratiflacciop00vahlgoog_0284.png"; bbox 0 0 1770 2984; ppageno 0'>
   <div class='ocr_carea' id='block_1_1' title="bbox 383 485 815 541">
    <p class='ocr_par' dir='ltr' id='par_1_1' title="bbox 383 485 815 541">
     <span class='ocr_line' id='line_1_1' title="bbox 383 485 815 541; baseline 0 -15"><span class='ocrx_word' id='word_1_1' title='bbox 383 485 478 526; x_wconf 82' lang='lat' dir='ltr'>uranu</span> <span class='ocrx_word' id='word_1_2' title='bbox 487 486 506 526; x_wconf 91' lang='lat'>1.</span> <span class='ocrx_word' id='word_1_3' title='bbox 764 492 815 541; x_wconf 76' lang='lat'>275</span> 
     </span>
    </p>
   </div>
   <div class='ocr_carea' id='block_1_2' title="bbox 14 647 814 2916">
    <p class='ocr_par' dir='ltr' id='par_1_2' title="bbox 68 647 719 711">
     <span class='ocr_line' id='line_1_2' title="bbox 68 647 719 711; baseline 0 -15"><span class='ocrx_word' id='word_1_4' title='bbox 68 664 134 710; x_wconf 85' lang='lat' dir='ltr'>quae</span> <span class='ocrx_word' id='word_1_5' title='bbox 146 649 253 697; x_wconf 88' lang='lat' dir='ltr'>laedunt</span> <span class='ocrx_word' id='word_1_6' title='bbox 267 648 371 697; x_wconf 90' lang='lat' dir='ltr'>oculum</span> <span class='ocrx_word' id='word_1_7' title='bbox 384 647 489 698; x_wconf 86' lang='lat' dir='ltr'>festinas</span> <span class='ocrx_word' id='word_1_8' title='bbox 503 649 618 710; x_wconf 83' lang='lat' dir='ltr'>demere,</span> <span class='ocrx_word' id='word_1_9' title='bbox 632 649 719 711; x_wconf 85' lang='lat' dir='ltr'>siquid</span> 
     </span>
    </p>

    <p class='ocr_par' dir='ltr' id='par_1_3' title="bbox 65 736 740 1330">
     <span class='ocr_line' id='line_1_3' title="bbox 68 736 737 800; baseline 0 -16"><span class='ocrx_word' id='word_1_10' title='bbox 68 744 104 785; x_wconf 91' lang='lat' dir='ltr'>est</span> <span class='ocrx_word' id='word_1_11' title='bbox 118 738 235 785; x_wconf 91' lang='lat' dir='ltr'>animum</span> <span class='ocrx_word' id='word_1_12' title='bbox 248 736 335 786; x_wconf 88' lang='lat' dir='ltr'>differs</span> <span class='ocrx_word' id='word_1_13' title='bbox 348 737 457 786; x_wconf 85' lang='lat' dir='ltr'>curandi</span> <span class='ocrx_word' id='word_1_14' title='bbox 469 744 569 800; x_wconf 88' lang='lat' dir='ltr'>tempus</span> <span class='ocrx_word' id='word_1_15' title='bbox 582 738 609 785; x_wconf 91' lang='lat' dir='ltr'>in</span> <span class='ocrx_word' id='word_1_16' title='bbox 623 737 737 786; x_wconf 83' lang='lat' dir='ltr'>anuum?</span> 
     </span>
     <span class='ocr_line' id='line_1_4' title="bbox 67 824 740 888; baseline 0.001 -16"><span class='ocrx_word' id='word_1_17' title='bbox 67 825 205 873; x_wconf 87' lang='lat' dir='ltr'>dimidium</span> <span class='ocrx_word' id='word_1_18' title='bbox 218 824 281 874; x_wconf 86' lang='lat' dir='ltr'>faeti</span> <span class='ocrx_word' id='word_1_19' title='bbox 294 825 339 887; x_wconf 88' lang='lat' dir='ltr'>qui</span> <span class='ocrx_word' id='word_1_20' title='bbox 352 826 438 888; x_wconf 90' lang='lat' dir='ltr'>eoepit</span> <span class='ocrx_word' id='word_1_21' title='bbox 450 824 543 875; x_wconf 86' lang='lat' dir='ltr'>habet:</span> <span class='ocrx_word' id='word_1_22' title='bbox 559 840 646 888; x_wconf 81' lang='lat' dir='ltr'>sapere</span> <span class='ocrx_word' id='word_1_23' title='bbox 659 827 740 875; x_wconf 86' lang='lat' dir='ltr'>aude:</span> 
     </span>
     <span class='ocr_line' id='line_1_5' title="bbox 66 913 687 978; baseline 0 -17"><span class='ocrx_word' id='word_1_24' title='bbox 66 915 165 975; x_wconf 86' lang='lat' dir='ltr'>incipe.</span> <span class='ocrx_word' id='word_1_25' title='bbox 193 914 238 976; x_wconf 93' lang='lat' dir='ltr'>qui</span> <span class='ocrx_word' id='word_1_26' title='bbox 251 921 319 962; x_wconf 90' lang='lat' dir='ltr'>recte</span> <span class='ocrx_word' id='word_1_27' title='bbox 331 913 432 962; x_wconf 88' lang='lat' dir='ltr'>vivendi</span> <span class='ocrx_word' id='word_1_28' title='bbox 445 922 569 978; x_wconf 80' lang='lat' dir='ltr'>prorogat</span> <span class='ocrx_word' id='word_1_29' title='bbox 579 914 687 974; x_wconf 87' lang='lat' dir='ltr'>horam,</span> 
     </span>
     <span class='ocr_line' id='line_1_6' title="bbox 66 1001 707 1065; baseline -0.002 -16"><span class='ocrx_word' id='word_1_30' title='bbox 66 1003 175 1050; x_wconf 87' lang='lat' dir='ltr'>rusticus</span> <span class='ocrx_word' id='word_1_31' title='bbox 189 1008 320 1065; x_wconf 80' lang='lat' dir='ltr'><strong>exspectat</strong></span> <span class='ocrx_word' id='word_1_32' title='bbox 332 1003 394 1049; x_wconf 90' lang='lat' dir='ltr'>dum</span> <span class='ocrx_word' id='word_1_33' title='bbox 406 1001 500 1050; x_wconf 86' lang='lat' dir='ltr'>defluat</span> <span class='ocrx_word' id='word_1_34' title='bbox 513 1002 608 1050; x_wconf 89' lang='lat' dir='ltr'>amnis:</span> <span class='ocrx_word' id='word_1_35' title='bbox 625 1010 651 1050; x_wconf 85' lang='lat' dir='ltr'>at</span> <span class='ocrx_word' id='word_1_36' title='bbox 663 1001 707 1048; x_wconf 92' lang='lat' dir='ltr'>ille</span> 
     </span>
     <span class='ocr_line' id='line_1_7' title="bbox 66 1089 699 1139; baseline 0.002 -4"><span class='ocrx_word' id='word_1_37' title='bbox 66 1089 164 1138; x_wconf 84' lang='lat' dir='ltr'><strong>labitur</strong></span> <span class='ocrx_word' id='word_1_38' title='bbox 177 1098 202 1139; x_wconf 87' lang='lat' dir='ltr'>ct</span> <span class='ocrx_word' id='word_1_39' title='bbox 214 1090 316 1139; x_wconf 90' lang='lat' dir='ltr'>labetur</span> <span class='ocrx_word' id='word_1_40' title='bbox 328 1091 356 1138; x_wconf 92' lang='lat' dir='ltr'>in</span> <span class='ocrx_word' id='word_1_41' title='bbox 369 1104 445 1138; x_wconf 88' lang='lat' dir='ltr'>omne</span> <span class='ocrx_word' id='word_1_42' title='bbox 457 1089 579 1138; x_wconf 89' lang='lat' dir='ltr'>volubilis</span> <span class='ocrx_word' id='word_1_43' title='bbox 592 1104 699 1138; x_wconf 91' lang='lat' dir='ltr'>aevum.</span> 
     </span>
     <span class='ocr_line' id='line_1_8' title="bbox 66 1178 715 1241; baseline 0.003 -17"><span class='ocrx_word' id='word_1_44' title='bbox 66 1179 199 1238; x_wconf 85' lang='lat' dir='ltr'>quaeritur</span> <span class='ocrx_word' id='word_1_45' title='bbox 212 1187 348 1241; x_wconf 83' lang='lat' dir='ltr'>argentum</span> <span class='ocrx_word' id='word_1_46' title='bbox 360 1178 498 1241; x_wconf 91' lang='lat' dir='ltr'>puerisque</span> <span class='ocrx_word' id='word_1_47' title='bbox 510 1178 586 1227; x_wconf 87' lang='lat' dir='ltr'>beata</span> <span class='ocrx_word' id='word_1_48' title='bbox 598 1178 715 1227; x_wconf 82' lang='lat' dir='ltr'>creandis</span> 
     </span>
     <span class='ocr_line' id='line_1_9' title="bbox 65 1266 651 1330; baseline 0.005 -19"><span class='ocrx_word' id='word_1_49' title='bbox 65 1280 133 1313; x_wconf 88' lang='lat' dir='ltr'>uxor</span> <span class='ocrx_word' id='word_1_50' title='bbox 147 1274 171 1314; x_wconf 88' lang='lat' dir='ltr'>et</span> <span class='ocrx_word' id='word_1_51' title='bbox 183 1266 295 1316; x_wconf 84' lang='lat' dir='ltr'>incultae</span> <span class='ocrx_word' id='word_1_52' title='bbox 308 1275 433 1330; x_wconf 79' lang='lat' dir='ltr'>pacantur</span> <span class='ocrx_word' id='word_1_53' title='bbox 445 1281 547 1316; x_wconf 89' lang='lat' dir='ltr'>vomere</span> <span class='ocrx_word' id='word_1_54' title='bbox 559 1266 651 1315; x_wconf 86' lang='lat' dir='ltr'>silvae.</span> 
     </span>
    </p>

    <p class='ocr_par' dir='ltr' id='par_1_4' title="bbox 64 1354 770 1595">
     <span class='ocr_line' id='line_1_10' title="bbox 66 1354 770 1418; baseline 0.001 -16"><span class='ocrx_word' id='word_1_55' title='bbox 66 1356 136 1416; x_wconf 88' lang='lat' dir='ltr'>quod</span> <span class='ocrx_word' id='word_1_56' title='bbox 148 1357 209 1404; x_wconf 89' lang='lat' dir='ltr'>satis</span> <span class='ocrx_word' id='word_1_57' title='bbox 221 1362 259 1404; x_wconf 89' lang='lat' dir='ltr'>est</span> <span class='ocrx_word' id='word_1_58' title='bbox 272 1356 314 1403; x_wconf 89' lang='lat' dir='ltr'>cui</span> <span class='ocrx_word' id='word_1_59' title='bbox 326 1355 468 1418; x_wconf 83' lang='lat' dir='ltr'>contingit,</span> <span class='ocrx_word' id='word_1_60' title='bbox 483 1354 549 1402; x_wconf 90' lang='lat' dir='ltr'>nihil</span> <span class='ocrx_word' id='word_1_61' title='bbox 562 1355 672 1417; x_wconf 88' lang='lat' dir='ltr'>amplius</span> <span class='ocrx_word' id='word_1_62' title='bbox 686 1362 770 1416; x_wconf 86' lang='lat' dir='ltr'>optet.</span> 
     </span>
     <span class='ocr_line' id='line_1_11' title="bbox 64 1442 756 1502; baseline -0.001 -11"><span class='ocrx_word' id='word_1_63' title='bbox 64 1459 117 1491; x_wconf 90' lang='lat' dir='ltr'>non</span> <span class='ocrx_word' id='word_1_64' title='bbox 132 1445 223 1492; x_wconf 87' lang='lat' dir='ltr'>domus</span> <span class='ocrx_word' id='word_1_65' title='bbox 237 1443 384 1502; x_wconf 75' lang='lat' dir='ltr'>otlandus,</span> <span class='ocrx_word' id='word_1_66' title='bbox 399 1457 451 1489; x_wconf 92' lang='lat' dir='ltr'>non</span> <span class='ocrx_word' id='word_1_67' title='bbox 466 1442 531 1490; x_wconf 90' lang='lat' dir='ltr'>aeris</span> <span class='ocrx_word' id='word_1_68' title='bbox 544 1457 648 1491; x_wconf 85' lang='lat' dir='ltr'>acervus</span> <span class='ocrx_word' id='word_1_69' title='bbox 662 1451 687 1490; x_wconf 90' lang='lat' dir='ltr'>ct</span> <span class='ocrx_word' id='word_1_70' title='bbox 699 1442 756 1490; x_wconf 89' lang='lat' dir='ltr'>auri</span> 
     </span>
     <span class='ocr_line' id='line_1_12' title="bbox 66 1530 632 1595; baseline 0 -17"><span class='ocrx_word' id='word_1_71' title='bbox 66 1540 172 1595; x_wconf 83' lang='lat' dir='ltr'>aegroto</span> <span class='ocrx_word' id='word_1_72' title='bbox 186 1531 285 1579; x_wconf 85' lang='lat' dir='ltr'>domini</span> <span class='ocrx_word' id='word_1_73' title='bbox 300 1530 406 1579; x_wconf 86' lang='lat' dir='ltr'>deduxit</span> <span class='ocrx_word' id='word_1_74' title='bbox 419 1544 527 1593; x_wconf 89' lang='lat' dir='ltr'>corpore</span> <span class='ocrx_word' id='word_1_75' title='bbox 540 1530 632 1590; x_wconf 76' lang='lat' dir='ltr'>febris,</span> 
     </span>
    </p>

    <p class='ocr_par' dir='ltr' id='par_1_5' title="bbox 65 1618 693 1681">
     <span class='ocr_line' id='line_1_13' title="bbox 65 1618 693 1681; baseline 0.003 -15"><span class='ocrx_word' id='word_1_76' title='bbox 65 1634 117 1666; x_wconf 89' lang='lat' dir='ltr'>non</span> <span class='ocrx_word' id='word_1_77' title='bbox 133 1620 220 1667; x_wconf 88' lang='lat' dir='ltr'>animo</span> <span class='ocrx_word' id='word_1_78' title='bbox 234 1633 322 1667; x_wconf 90' lang='lat' dir='ltr'>curas:</span> <span class='ocrx_word' id='word_1_79' title='bbox 338 1618 423 1667; x_wconf 84' lang='lat' dir='ltr'>valeat</span> <span class='ocrx_word' id='word_1_80' title='bbox 434 1632 564 1680; x_wconf 85' lang='lat' dir='ltr'>possessor</span> <span class='ocrx_word' id='word_1_81' title='bbox 576 1626 693 1681; x_wconf 83' lang='lat' dir='ltr'>oportet,</span> 
     </span>
    </p>

    <p class='ocr_par' dir='ltr' id='par_1_6' title="bbox 65 1706 599 1770">
     <span class='ocr_line' id='line_1_14' title="bbox 65 1706 599 1770; baseline 0.004 -16"><span class='ocrx_word' id='word_1_82' title='bbox 65 1708 84 1754; x_wconf 85' lang='lat' dir='ltr'>si</span> <span class='ocrx_word' id='word_1_83' title='bbox 100 1706 258 1769; x_wconf 88' lang='lat' dir='ltr'>conportatis</span> <span class='ocrx_word' id='word_1_84' title='bbox 271 1707 345 1755; x_wconf 88' lang='lat' dir='ltr'>rebus</span> <span class='ocrx_word' id='word_1_85' title='bbox 359 1707 424 1754; x_wconf 89' lang='lat' dir='ltr'>bene</span> <span class='ocrx_word' id='word_1_86' title='bbox 436 1707 534 1770; x_wconf 83' lang='lat' dir='ltr'>cogitat</span> <span class='ocrx_word' id='word_1_87' title='bbox 547 1707 599 1757; x_wconf 88' lang='lat' dir='ltr'>uti.</span> 
     </span>
    </p>

    <p class='ocr_par' dir='ltr' id='par_1_7' title="bbox 64 1794 814 2385">
     <span class='ocr_line' id='line_1_15' title="bbox 65 1794 785 1857; baseline 0.003 -15"><span class='ocrx_word' id='word_1_88' title='bbox 65 1796 108 1856; x_wconf 93' lang='lat' dir='ltr'>qui</span> <span class='ocrx_word' id='word_1_89' title='bbox 123 1795 194 1857; x_wconf 89' lang='lat' dir='ltr'>cupit</span> <span class='ocrx_word' id='word_1_90' title='bbox 206 1802 251 1844; x_wconf 89' lang='lat' dir='ltr'>aut</span> <span class='ocrx_word' id='word_1_91' title='bbox 263 1795 370 1856; x_wconf 90' lang='lat' dir='ltr'>metuit,</span> <span class='ocrx_word' id='word_1_92' title='bbox 384 1794 456 1843; x_wconf 86' lang='lat' dir='ltr'>iuvat</span> <span class='ocrx_word' id='word_1_93' title='bbox 468 1795 542 1842; x_wconf 91' lang='lat' dir='ltr'>illum</span> <span class='ocrx_word' id='word_1_94' title='bbox 554 1795 591 1844; x_wconf 91' lang='lat' dir='ltr'>sic</span> <span class='ocrx_word' id='word_1_95' title='bbox 604 1795 696 1844; x_wconf 88' lang='lat' dir='ltr'>domus</span> <span class='ocrx_word' id='word_1_96' title='bbox 709 1803 733 1844; x_wconf 90' lang='lat' dir='ltr'>ct</span> <span class='ocrx_word' id='word_1_97' title='bbox 746 1811 785 1845; x_wconf 89' lang='lat' dir='ltr'>res</span> 
     </span>
     <span class='ocr_line' id='line_1_16' title="bbox 64 1882 734 1947; baseline 0.001 -17"><span class='ocrx_word' id='word_1_98' title='bbox 64 1893 92 1931; x_wconf 87' lang='lat' dir='ltr'>ut</span> <span class='ocrx_word' id='word_1_99' title='bbox 104 1884 204 1945; x_wconf 88' lang='lat' dir='ltr'>lippum</span> <span class='ocrx_word' id='word_1_100' title='bbox 217 1883 301 1946; x_wconf 84' lang='lat' dir='ltr'>pictae</span> <span class='ocrx_word' id='word_1_101' title='bbox 313 1882 431 1942; x_wconf 84' lang='lat' dir='ltr'>tabulae,</span> <span class='ocrx_word' id='word_1_102' title='bbox 446 1883 562 1931; x_wconf 82' lang='lat' dir='ltr'>fomenta</span> <span class='ocrx_word' id='word_1_103' title='bbox 574 1883 734 1947; x_wconf 85' lang='lat' dir='ltr'>podagrum,</span> 
     </span>
     <span class='ocr_line' id='line_1_17' title="bbox 64 1970 669 2020; baseline -0.003 -1"><span class='ocrx_word' id='word_1_104' title='bbox 64 1971 193 2020; x_wconf 84' lang='lat' dir='ltr'>auriculas</span> <span class='ocrx_word' id='word_1_105' title='bbox 205 1971 319 2020; x_wconf 86' lang='lat' dir='ltr'>citharae</span> <span class='ocrx_word' id='word_1_106' title='bbox 332 1970 441 2019; x_wconf 88' lang='lat' dir='ltr'>collecta</span> <span class='ocrx_word' id='word_1_107' title='bbox 455 1970 530 2019; x_wconf 90' lang='lat' dir='ltr'>sorde</span> <span class='ocrx_word' id='word_1_108' title='bbox 543 1970 669 2019; x_wconf 90' lang='lat' dir='ltr'>dolentis.</span> 
     </span>
     <span class='ocr_line' id='line_1_18' title="bbox 64 2057 814 2121; baseline 0.005 -14"><span class='ocrx_word' id='word_1_109' title='bbox 64 2061 192 2108; x_wconf 87' lang='lat' dir='ltr'>sincerum</span> <span class='ocrx_word' id='word_1_110' title='bbox 205 2066 241 2108; x_wconf 89' lang='lat' dir='ltr'>est</span> <span class='ocrx_word' id='word_1_111' title='bbox 253 2059 304 2107; x_wconf 91' lang='lat' dir='ltr'>nisi</span> <span class='ocrx_word' id='word_1_112' title='bbox 314 2073 373 2118; x_wconf 86' lang='lat' dir='ltr'>vas,</span> <span class='ocrx_word' id='word_1_113' title='bbox 388 2059 568 2121; x_wconf 87' lang='lat' dir='ltr'>quodcumque</span> <span class='ocrx_word' id='word_1_114' title='bbox 580 2057 696 2107; x_wconf 84' lang='lat' dir='ltr'>infundis</span> <span class='ocrx_word' id='word_1_115' title='bbox 708 2058 814 2111; x_wconf 86' lang='lat' dir='ltr'>acescit.</span> 
     </span>
     <span class='ocr_line' id='line_1_19' title="bbox 64 2145 765 2211; baseline -0.001 -14"><span class='ocrx_word' id='word_1_116' title='bbox 64 2163 154 2211; x_wconf 87' lang='lat' dir='ltr'>sperne</span> <span class='ocrx_word' id='word_1_117' title='bbox 168 2148 325 2210; x_wconf 88' lang='lat' dir='ltr'>voluptates:</span> <span class='ocrx_word' id='word_1_118' title='bbox 341 2155 418 2195; x_wconf 91' lang='lat' dir='ltr'>nocet</span> <span class='ocrx_word' id='word_1_119' title='bbox 431 2153 518 2210; x_wconf 86' lang='lat' dir='ltr'>empta</span> <span class='ocrx_word' id='word_1_120' title='bbox 531 2145 621 2193; x_wconf 86' lang='lat' dir='ltr'>dolore</span> <span class='ocrx_word' id='word_1_121' title='bbox 633 2146 765 2209; x_wconf 89' lang='lat' dir='ltr'>voluptas.</span> 
     </span>
     <span class='ocr_line' id='line_1_20' title="bbox 64 2234 717 2299; baseline -0.002 -14"><span class='ocrx_word' id='word_1_122' title='bbox 64 2251 162 2299; x_wconf 90' lang='lat' dir='ltr'>semper</span> <span class='ocrx_word' id='word_1_123' title='bbox 176 2251 266 2284; x_wconf 85' lang='lat' dir='ltr'>avarus</span> <span class='ocrx_word' id='word_1_124' title='bbox 279 2243 352 2298; x_wconf 87' lang='lat' dir='ltr'>eget:</span> <span class='ocrx_word' id='word_1_125' title='bbox 370 2241 467 2284; x_wconf 87' lang='lat' dir='ltr'>certum</span> <span class='ocrx_word' id='word_1_126' title='bbox 480 2242 540 2283; x_wconf 86' lang='lat' dir='ltr'>voto</span> <span class='ocrx_word' id='word_1_127' title='bbox 554 2241 612 2298; x_wconf 91' lang='lat' dir='ltr'>pete</span> <span class='ocrx_word' id='word_1_128' title='bbox 625 2234 717 2284; x_wconf 87' lang='lat' dir='ltr'>finem.</span> 
     </span>
     <span class='ocr_line' id='line_1_21' title="bbox 64 2323 639 2385; baseline -0.005 -12"><span class='ocrx_word' id='word_1_129' title='bbox 64 2327 165 2374; x_wconf 85' lang='lat' dir='ltr'>invidus</span> <span class='ocrx_word' id='word_1_130' title='bbox 178 2324 282 2374; x_wconf 89' lang='lat' dir='ltr'>alterins</span> <span class='ocrx_word' id='word_1_131' title='bbox 295 2324 430 2372; x_wconf 88' lang='lat' dir='ltr'>macrescit</span> <span class='ocrx_word' id='word_1_132' title='bbox 442 2323 517 2372; x_wconf 87' lang='lat' dir='ltr'>rebus</span> <span class='ocrx_word' id='word_1_133' title='bbox 530 2323 639 2385; x_wconf 90' lang='lat' dir='ltr'>opimis:</span> 
     </span>
    </p>

    <p class='ocr_par' dir='ltr' id='par_1_8' title="bbox 65 2411 572 2476">
     <span class='ocr_line' id='line_1_22' title="bbox 65 2411 572 2476; baseline -0.01 -14"><span class='ocrx_word' id='word_1_134' title='bbox 65 2414 163 2463; x_wconf 86' lang='lat' dir='ltr'>invidia</span> <span class='ocrx_word' id='word_1_135' title='bbox 176 2413 257 2462; x_wconf 90' lang='lat' dir='ltr'>Siculi</span> <span class='ocrx_word' id='word_1_136' title='bbox 270 2426 323 2461; x_wconf 92' lang='lat' dir='ltr'>non</span> <span class='ocrx_word' id='word_1_137' title='bbox 335 2413 455 2461; x_wconf 89' lang='lat' dir='ltr'>invenere</span> <span class='ocrx_word' id='word_1_138' title='bbox 467 2411 572 2476; x_wconf 86' lang='lat' dir='ltr'>tyranni</span> 
     </span>
    </p>

    <p class='ocr_par' dir='ltr' id='par_1_9' title="bbox 64 2498 736 2563">
     <span class='ocr_line' id='line_1_23' title="bbox 64 2498 736 2563; baseline -0.004 -13"><span class='ocrx_word' id='word_1_139' title='bbox 64 2504 147 2550; x_wconf 91' lang='lat' dir='ltr'>maius</span> <span class='ocrx_word' id='word_1_140' title='bbox 160 2508 331 2551; x_wconf 88' lang='lat' dir='ltr'>tormentum.</span> <span class='ocrx_word' id='word_1_141' title='bbox 358 2500 403 2563; x_wconf 93' lang='lat' dir='ltr'>qui</span> <span class='ocrx_word' id='word_1_142' title='bbox 416 2514 469 2548; x_wconf 90' lang='lat' dir='ltr'>nou</span> <span class='ocrx_word' id='word_1_143' title='bbox 481 2498 657 2549; x_wconf 85' lang='lat' dir='ltr'>moderabitur</span> <span class='ocrx_word' id='word_1_144' title='bbox 668 2499 736 2560; x_wconf 84' lang='lat' dir='ltr'>irae,</span> 
     </span>
    </p>

    <p class='ocr_par' dir='ltr' id='par_1_10' title="bbox 14 2588 764 2741">
     <span class='ocr_line' id='line_1_24' title="bbox 14 2588 764 2650; baseline -0.003 -10"><span class='ocrx_word' id='word_1_145' title='bbox 14 2604 16 2616; x_wconf 91' lang='lat'><em>·</em></span> <span class='ocrx_word' id='word_1_146' title='bbox 65 2591 189 2640; x_wconf 88' lang='lat' dir='ltr'>infectum</span> <span class='ocrx_word' id='word_1_147' title='bbox 203 2590 271 2638; x_wconf 85' lang='lat' dir='ltr'>volet</span> <span class='ocrx_word' id='word_1_148' title='bbox 284 2602 337 2638; x_wconf 92' lang='lat' dir='ltr'>esse</span> <span class='ocrx_word' id='word_1_149' title='bbox 351 2588 424 2637; x_wconf 92' lang='lat' dir='ltr'>dolor</span> <span class='ocrx_word' id='word_1_150' title='bbox 437 2589 506 2650; x_wconf 84' lang='lat' dir='ltr'>quod</span> <span class='ocrx_word' id='word_1_151' title='bbox 520 2588 628 2637; x_wconf 86' lang='lat' dir='ltr'>suaserit</span> <span class='ocrx_word' id='word_1_152' title='bbox 640 2594 665 2638; x_wconf 87' lang='lat' dir='ltr'>et</span> <span class='ocrx_word' id='word_1_153' title='bbox 677 2602 764 2647; x_wconf 85' lang='lat' dir='ltr'>mens,</span> 
     </span>
     <span class='ocr_line' id='line_1_25' title="bbox 66 2676 662 2741; baseline 0 -16"><span class='ocrx_word' id='word_1_154' title='bbox 66 2680 126 2725; x_wconf 87' lang='lat' dir='ltr'>dum</span> <span class='ocrx_word' id='word_1_155' title='bbox 141 2692 237 2741; x_wconf 85' lang='lat' dir='ltr'>poenus</span> <span class='ocrx_word' id='word_1_156' title='bbox 251 2678 312 2726; x_wconf 89' lang='lat' dir='ltr'>odio</span> <span class='ocrx_word' id='word_1_157' title='bbox 325 2676 435 2740; x_wconf 84' lang='lat' dir='ltr'>pervim</span> <span class='ocrx_word' id='word_1_158' title='bbox 449 2676 552 2726; x_wconf 87' lang='lat' dir='ltr'>festinat</span> <span class='ocrx_word' id='word_1_159' title='bbox 564 2676 662 2725; x_wconf 89' lang='lat' dir='ltr'>inulto.</span> 
     </span>
    </p>

    <p class='ocr_par' dir='ltr' id='par_1_11' title="bbox 65 2765 794 2916">
     <span class='ocr_line' id='line_1_26' title="bbox 65 2765 794 2829; baseline -0.001 -15"><span class='ocrx_word' id='word_1_160' title='bbox 65 2768 105 2814; x_wconf 89' lang='lat' dir='ltr'>ira</span> <span class='ocrx_word' id='word_1_161' title='bbox 119 2766 190 2814; x_wconf 85' lang='lat' dir='ltr'>furor</span> <span class='ocrx_word' id='word_1_162' title='bbox 204 2766 286 2815; x_wconf 86' lang='lat' dir='ltr'>brevis</span> <span class='ocrx_word' id='word_1_163' title='bbox 300 2774 351 2815; x_wconf 87' lang='lat' dir='ltr'>est:</span> <span class='ocrx_word' id='word_1_164' title='bbox 368 2766 483 2814; x_wconf 89' lang='lat' dir='ltr'>animum</span> <span class='ocrx_word' id='word_1_165' title='bbox 496 2778 569 2829; x_wconf 81' lang='lat' dir='ltr'>rege3</span> <span class='ocrx_word' id='word_1_166' title='bbox 585 2765 630 2827; x_wconf 91' lang='lat' dir='ltr'>qui</span> <span class='ocrx_word' id='word_1_167' title='bbox 642 2765 693 2813; x_wconf 86' lang='lat' dir='ltr'>nisi</span> <span class='ocrx_word' id='word_1_168' title='bbox 706 2773 794 2828; x_wconf 88' lang='lat' dir='ltr'>paret,</span> 
     </span>
     <span class='ocr_line' id='line_1_27' title="bbox 65 2853 763 2916; baseline 0.003 -14"><span class='ocrx_word' id='word_1_169' title='bbox 65 2856 189 2916; x_wconf 87' lang='lat' dir='ltr'>imperat:</span> <span class='ocrx_word' id='word_1_170' title='bbox 205 2855 275 2903; x_wconf 89' lang='lat' dir='ltr'>hunc</span> <span class='ocrx_word' id='word_1_171' title='bbox 288 2853 381 2914; x_wconf 86' lang='lat' dir='ltr'>frenis,</span> <span class='ocrx_word' id='word_1_172' title='bbox 396 2855 465 2902; x_wconf 88' lang='lat' dir='ltr'>hunc</span> <span class='ocrx_word' id='word_1_173' title='bbox 478 2861 507 2902; x_wconf 87' lang='lat' dir='ltr'>tu</span> <span class='ocrx_word' id='word_1_174' title='bbox 520 2867 644 2916; x_wconf 89' lang='lat' dir='ltr'>conpesce</span> <span class='ocrx_word' id='word_1_175' title='bbox 657 2860 763 2904; x_wconf 88' lang='lat' dir='ltr'>catena.</span> 
     </span>
    </p>
   </div>
   <div class='ocr_carea' id='block_1_3' title="bbox 0 0 890 2984">
    <p class='ocr_par' dir='ltr' id='par_1_12' title="bbox 0 0 890 2984">
     <span class='ocr_line' id='line_1_28' title="bbox 0 0 890 2984; baseline 0 1"><span class='ocrx_word' id='word_1_176' title='bbox 0 0 890 2984; x_wconf 95' lang='lat' dir='ltr'> </span> 
     </span>
    </p>
   </div>
  </div>
 </body>
</html>
