1770 2984
365 185 459 225 LIBER
474 187 497 225 1.

55 347 156 409 inpiger
169 354 297 397 extremos
311 349 392 397 curris
405 356 533 397 mercator
546 349 578 396 ad
591 349 684 409 Indos,

55 450 100 496 per
113 449 183 483 mare
197 437 346 499 pauperiem
359 437 474 500 fugiens,
490 453 536 501 per
548 453 628 499 saxa,
644 453 689 502 per
702 438 783 502 ignis:

55 537 87 570 ne
101 537 173 572 cures
187 538 233 584 ea,
249 539 315 586 quae
327 524 402 574 stulte
416 526 517 576 miraris
531 536 556 576 et
570 535 657 589 optas,

56 612 153 660 discere
167 621 192 660 et
205 612 293 661 audire
306 621 330 662 et
342 613 445 662 meliori
458 616 561 664 eredere
573 629 627 663 non
639 616 695 664 visi

57 700 113 759 quis
127 701 223 749 circum
236 715 316 763 pagos
328 711 354 751 et
366 703 463 751 circum
475 703 591 765 compita
603 717 709 766 pugnax

55 802 151 850 magna
163 790 282 837 coronari
295 797 443 840 contemnat
456 789 594 854 Olympia,
609 792 651 838 cui
664 805 736 854 spes,

57 877 98 924 cui
112 877 145 926 sit
157 877 275 925 condicio
291 877 372 927 dulcis
385 877 439 927 sine
453 879 557 941 pulvere
570 878 690 941 palmae?

56 965 131 1014 vilius
143 973 277 1029 argentum
290 973 416 1027 estante,
430 966 566 1016 virtutibus
579 982 687 1019 aurum.

55 1056 85 1102 ‘o
99 1055 182 1113 cives,
198 1054 281 1114 cives,
296 1055 443 1116 quaerenda
454 1056 564 1118 pecnnia
578 1057 729 1118 primumst3

56 1143 136 1192 virtus
148 1151 205 1205 post
218 1142 368 1191 nummosz’
386 1142 451 1192 haec
462 1143 541 1192 Ianus
554 1159 669 1192 summus
683 1144 715 1192 ab
728 1144 783 1192 imo

56 1231 195 1294 prodocet,
211 1231 276 1279 haec
288 1231 407 1280 recinunt
419 1231 523 1281 iuvenes
536 1232 631 1280 dictata
643 1246 765 1294 senesque

56 1320 130 1367 laevo
143 1319 258 1382 suspensi
271 1318 369 1368 loculos
382 1319 547 1381 tabulamque
560 1319 671 1369 lacerto.

57 1416 93 1457 est
106 1408 207 1456 animus
219 1407 280 1467 tibi,
296 1415 354 1457 sunt
366 1423 465 1470 mores,
480 1417 518 1458 est
530 1409 620 1472 lingua
632 1407 760 1470 fidesque,

57 1497 99 1546 sed
113 1496 307 1558 quadringentis
320 1512 364 1546 sex
376 1505 473 1560 septem
486 1497 558 1547 milia
571 1497 675 1547 desunt:

58 1584 129 1648 plebs
142 1584 207 1633 eris.
234 1592 260 1633 at
272 1585 344 1647 pueri
356 1584 471 1634 ludentes
482 1579 542 1634 ‘rex
555 1576 617 1634 eris'
630 1585 719 1645 aiunt,

56 1673 90 1721 ‘si
104 1681 172 1721 recte
185 1672 263 1722 facies
271 1663 286 1724 .'
311 1673 354 1721 hic
367 1688 454 1722 murus
467 1688 561 1722 aeneus
573 1681 642 1734 esto,

57 1762 94 1809 nil
108 1761 223 1810 conscire
236 1760 302 1821 sibi,
316 1761 386 1809 nulla
398 1759 537 1823 pallescere
551 1761 641 1823 culpa.

58 1849 165 1908 Roscia,
181 1849 223 1897 dic
235 1850 323 1907 sodes,
338 1848 429 1898 melior
441 1849 484 1898 lex
497 1864 530 1897 an
544 1856 708 1911 puerorumst

58 1938 135 1987 nenia
149 1952 215 1998 quae
228 1952 335 2001 regnum
347 1944 415 1986 recte
428 1936 582 1985 facientibus
595 1934 684 1994 offert,

59 2034 84 2074 et
97 2026 210 2074 maribus
223 2024 308 2074 Curiis
322 2032 348 2073 et
360 2025 496 2074 decantata
508 2022 645 2073 Camillis?

59 2114 114 2162 isne
127 2114 174 2161 tibi
187 2112 279 2162 melius
291 2113 381 2161 suadet
393 2113 455 2175 qui,
469 2127 524 2162 rem
536 2111 635 2173 facias,
649 2125 719 2172 rem,

59 2202 80 2248 si
93 2203 190 2263 possis,
205 2211 289 2261 recte,
304 2201 407 2261 sinon,
422 2214 586 2262 quocumque
598 2201 676 2249 modo
689 2214 759 2260 rem,

59 2297 87 2338 ut
100 2290 205 2352 propius
217 2297 315 2352 spectes
327 2289 464 2337 lacrimosa
476 2295 596 2351 poemata
607 2288 690 2352 Pupi,

60 2392 94 2424 an
107 2377 151 2439 qui
165 2377 294 2426 Fortunae
308 2384 333 2426 te
345 2391 496 2441 responsare
508 2375 633 2440 superbae

60 2465 170 2514 liberum
183 2473 207 2513 et
219 2474 332 2514 ereetum
344 2479 464 2528 praesens
477 2465 595 2514 hortatur
607 2473 632 2514 et
645 2465 734 2528 aptat?

61 2553 152 2615 quodsi
165 2567 205 2602 me
218 2553 329 2616 populus
341 2553 473 2602 Romanus
486 2553 552 2602 forte
564 2560 637 2616 roget
647 2567 692 2601 our

60 2655 112 2690 non
125 2650 153 2690 ut
165 2641 306 2703 porticibus
317 2642 353 2690 sic
366 2641 468 2691 iudiciis
481 2642 553 2690 fruar
565 2641 646 2689 isdem
