1770 2984
359 338 453 380 LIBER
468 339 505 379 H.

17 510 44 547 es
60 501 184 550 accedent
197 501 260 550 anui
273 510 298 550 et
311 501 417 550 tractari
430 500 534 549 mollius
547 509 618 550 aetas

58 589 181 638 inbecilla
193 589 277 638 volet:
299 589 347 638 tibi
360 589 487 652 quidnam
499 590 603 639 accedet
616 590 648 637 ad
661 591 736 639 istam

60 693 138 740 quam
151 692 214 740 puer
227 686 252 726 et
265 677 365 726 validus
377 678 518 740 praesumis
531 677 683 739 mollitiem,
698 693 742 728 seu

60 768 124 814 dura
137 766 256 814 valetudo
269 765 390 815 inciderit
402 780 447 815 seu
459 767 534 815 tarda
546 766 678 816 senectus?

60 853 195 902 rancidum
207 869 300 916 aprum
312 855 412 917 antiqui
423 854 578 916 laudabant,
593 868 647 903 non
659 855 720 916 quia
731 870 809 904 nasus

16 953 44 991 00
60 941 110 990 illis
122 942 208 990 nullus
222 950 291 1003 erat,
306 943 363 1002 sed,
379 943 471 1003 credo,
485 942 535 990 hac
549 949 649 1003 mente,
663 943 732 1004 quod
746 943 838 1006 hospes

60 1030 158 1078 tardius
171 1031 308 1080 adveniens
320 1031 439 1080 vitiatum
452 1031 614 1080 commodius
626 1045 705 1093 quam

60 1119 189 1181 integrum
203 1119 269 1168 edax
283 1119 403 1168 dominus
417 1129 595 1170 consumeret.
623 1119 670 1168 hos
683 1119 784 1168 utinam
796 1120 863 1169 iuter

60 1206 151 1254 heroas
163 1214 254 1256 natum
266 1207 341 1257 tellus
354 1222 395 1257 me
407 1209 493 1271 prima
506 1209 617 1258 tulisset.

62 1295 106 1342 das
120 1295 221 1358 aliquid
233 1295 333 1357 famae,
349 1311 416 1358 quae
429 1297 544 1345 carmine
555 1297 655 1360 gratior
667 1311 756 1344 aurem

17 1391 47 1430 95
63 1392 170 1444 occupet
183 1383 344 1432 humanam?
362 1385 471 1447 grandes
482 1384 587 1434 rhombi
600 1385 757 1448 patinaeque

63 1471 159 1535 grande
172 1471 259 1519 ferunt
272 1487 324 1520 una
336 1486 396 1520 cum
409 1473 504 1522 damno
518 1474 642 1523 dedecus:
664 1473 730 1522 addc

63 1559 159 1607 iratum
172 1569 307 1628 patruum,
321 1560 435 1622 viciuos,
450 1569 475 1610 te
488 1561 535 1610 tibi
548 1561 668 1624 iniquum

64 1655 88 1695 et
101 1647 196 1696 frustra
209 1649 299 1698 mortis
312 1649 435 1712 cupidum
448 1664 508 1698 cum
522 1650 589 1699 derit
602 1651 686 1714 egenti

65 1750 106 1795 as,
121 1735 208 1798 laquei
219 1737 344 1799 pretium.
371 1735 454 1786 ‘iure'
464 1738 549 1800 inquit
561 1737 701 1787 ‘Trausius
713 1738 768 1787 istis

10 1832 49 1873 100
64 1825 180 1888 iurgatur
193 1825 292 1874 verbis:
313 1839 361 1889 ego
374 1826 511 1888 vectigalia
524 1841 620 1889 magna

65 1912 219 1974 divitiasque
232 1913 316 1963 habeo
329 1913 412 1963 tribus
425 1913 524 1976 amplas
536 1914 640 1975 regibus
650 1907 666 1962 .'
691 1928 751 1976 ergo

66 2001 136 2062 qnod
149 2008 253 2064 superat
263 2016 318 2050 non
331 2009 369 2052 est
380 2001 473 2051 meiius
486 2016 538 2064 quo
552 2002 680 2051 insumere
692 2001 790 2063 possis?

67 2104 112 2137 cur
124 2099 180 2154 eget
192 2091 317 2153 indignus
330 2091 484 2153 quisquam,
499 2098 523 2139 te
536 2090 632 2139 divite?
651 2103 731 2152 quare

68 2178 164 2241 templa
177 2188 255 2229 ruunt
267 2179 377 2242 antiqua
390 2177 485 2226 deum?
504 2193 563 2239 cur,
578 2178 699 2240 inprobe,
716 2192 789 2226 carae

11 2276 52 2314 105
67 2282 121 2316 non
133 2267 232 2330 aliquid
245 2268 343 2330 patriae
355 2274 429 2316 tanto
442 2266 555 2316 emetiris
568 2266 678 2315 acervo?

68 2357 113 2405 uni
126 2357 249 2404 nimirum
262 2362 329 2405 recte
341 2355 389 2404 tibi
403 2370 502 2418 semper
515 2361 590 2405 erunt
603 2369 657 2415 res,

70 2458 84 2491 0
98 2459 206 2507 magnus
219 2443 327 2507 posthac
340 2443 454 2492 inimicis
465 2444 544 2496 risus.
571 2451 661 2493 uterne

69 2534 102 2581 ad
116 2547 188 2582 casus
201 2532 292 2581 dubios
304 2531 364 2582 fidet
376 2532 425 2581 sibi
438 2531 549 2583 certius?
566 2532 610 2582 hic
623 2533 667 2595 qui

70 2621 187 2687 pluribus
201 2620 312 2670 adsuerit
324 2628 437 2670 mentem
450 2635 594 2685 corpusque
607 2620 758 2684 superbum,

16 2718 55 2756 110
71 2724 104 2757 an
118 2709 162 2772 qui
176 2716 310 2758 contentus
322 2724 401 2773 parvo
414 2717 580 2772 metuensque
592 2709 673 2758 futuri

71 2798 97 2845 in
111 2813 188 2860 pace,
204 2805 232 2846 ut
243 2797 358 2860 sapiens,
373 2799 469 2860 aptarit
480 2798 574 2846 idonea
586 2795 673 2846 bello?
