1770 2984
119 190 170 237 320
394 179 616 224 EPISTULARUM

119 347 216 396 rettulit
229 354 363 409 acceptos,
378 343 464 407 regale
475 344 622 403 nomisma,
637 345 784 409 Philippos.

67 442 106 481 aas
120 435 163 484 sed
176 435 255 484 veluti
268 442 379 484 tractata
391 441 481 482 notam
493 431 632 494 labemque
647 432 783 483 remittunt

121 530 281 582 atramenta,
297 522 350 572 fere
363 522 498 584 scriptores
511 521 625 569 carmine
638 521 719 570 foedo

119 611 253 675 splendida
266 611 335 659 facta
348 610 448 659 linunt.
474 609 544 658 idem
557 622 604 657 rex
616 608 677 670 ille,
691 624 785 672 poema

121 701 166 762 qui
178 709 231 749 tum
245 699 384 756 ridiculum
396 707 450 747 tam
462 711 521 747 care
533 697 659 761 prodigus
671 698 754 757 emit,

121 789 205 837 edicto
218 788 300 837 vetuit
312 787 441 848 nequisse
453 792 553 848 praeter
564 784 677 847 Apellen

69 883 107 921 stt
122 877 238 939 pingeret
250 882 295 924 aut
306 875 371 923 alius
383 873 498 938 Lysippo
511 873 615 922 duceret
627 887 689 922 aera

122 964 196 1012 fortis
208 962 353 1012 Alexandri
367 963 464 1011 voltum
476 961 640 1013 simulantia.
668 961 762 1024 quodsi

122 1052 247 1100 iudicium
260 1051 353 1101 subtile
366 1050 482 1099 videndis
494 1049 592 1098 artibus
604 1049 670 1098 illud

123 1141 156 1189 ad
169 1140 249 1188 libros
263 1147 287 1189 et
300 1140 332 1188 ad
345 1139 410 1189 hacc
421 1152 554 1188 musarum
567 1137 638 1186 dona
650 1152 771 1197 vocares,

124 1230 253 1278 Boeotum
266 1228 294 1276 in
307 1242 393 1276 crasso
405 1228 503 1276 iurares
516 1241 575 1275 aere
587 1234 693 1275 natum.

71 1323 109 1362 aaa
124 1326 152 1365 at
163 1331 247 1379 neque
259 1316 416 1365 dedecorant
427 1323 473 1363 tua
485 1315 517 1363 de
530 1329 556 1363 se
569 1314 667 1363 iudicia
679 1323 760 1378 atquo

124 1419 230 1453 munera
244 1418 310 1467 quac
323 1404 405 1452 multa
418 1403 503 1452 dantis
516 1418 576 1452 cum
588 1402 666 1452 laude
678 1403 792 1454 tulerunt

123 1492 209 1541 dilecti
222 1492 270 1540 tibi
282 1491 414 1556 Vergilius
426 1491 572 1555 Variusque
585 1498 694 1554 poetae,

124 1596 171 1630 nec
184 1581 266 1644 magis
280 1581 393 1644 expressi
405 1579 490 1630 voltus
503 1595 549 1644 per
562 1594 643 1629 aenea
655 1580 730 1642 signa

125 1685 201 1732 quam
215 1684 259 1733 per
271 1669 335 1717 vatis
349 1683 414 1731 opus
428 1683 512 1718 mores
524 1669 657 1730 animique
669 1669 784 1716 virorum

72 1766 110 1805 aso
125 1759 253 1808 clarorum
266 1759 404 1821 adparent.
431 1772 480 1806 nco
492 1771 621 1805 sermones
634 1772 682 1822 ego
696 1758 802 1806 mallem

124 1847 235 1910 repentis
247 1861 292 1909 per
306 1845 414 1893 humum
428 1860 507 1907 quam
520 1859 560 1894 res
572 1860 721 1908 conponere
734 1854 830 1911 gestas,

125 1947 302 1997 terrarumque
315 1935 378 1983 situs
390 1941 416 1983 et
428 1933 535 1982 flumina
547 1933 632 1983 dicere
645 1942 670 1982 et
683 1935 750 1983 arcis

125 2024 256 2072 montibus
268 2023 392 2086 inpositas
406 2030 430 2071 et
443 2021 554 2070 barbara
566 2036 645 2085 regna
658 2023 760 2085 tuisque

125 2111 246 2173 auspiciis
258 2120 340 2161 totum
354 2111 473 2160 confecta
486 2110 572 2159 duella
585 2125 630 2173 per
643 2111 732 2159 orbem

73 2206 111 2244 tou
127 2198 288 2261 claustraque
301 2200 434 2248 custodem
447 2199 518 2263 pacis
531 2199 678 2248 cohibentia
690 2198 786 2248 Ianum

125 2292 150 2333 et
163 2285 329 2336 formidatam
341 2287 445 2337 Parthis
458 2297 483 2337 te
496 2287 612 2350 principe
625 2288 751 2347 Romam,

125 2374 145 2422 si
158 2383 285 2435 quantum
298 2389 418 2438 cuperem
432 2390 532 2439 possem
546 2390 664 2438 quoquc:
686 2376 731 2424 sed
743 2391 828 2440 neque

443 2479 551 2526 parvum

125 2565 228 2600 carmen
241 2550 359 2600 maiestas
371 2552 463 2614 recipit
475 2561 519 2601 tua
531 2568 579 2603 nec
592 2568 664 2602 meus
677 2553 756 2602 audet

120 2654 175 2689 rem
191 2646 317 2706 temptare
329 2639 413 2706 pudor
426 2655 505 2703 quam
516 2642 581 2691 vires
594 2643 661 2691 terre
672 2652 803 2695 recusent.
