1770 2984
368 205 463 246 maun
477 207 514 246 11.
766 212 817 258 313

61 347 206 430 paullatim
213 367 279 416 vello
293 376 318 416 et
331 368 405 416 demo
419 384 513 425 unum,
530 370 604 417 demo
618 369 697 417 etiam
710 384 803 428 unum,

64 457 129 504 dum
143 455 219 504 cadat
232 455 315 504 elusus
328 456 428 506 ratione
441 458 537 506 ruentis
550 459 651 516 acervi,

66 531 113 606 qui
125 543 193 592 redit
204 544 233 593 in
247 543 327 592 fastos
339 552 364 593 et
377 545 496 594 virtutem
510 548 629 595 aestimat
642 547 717 594 annis

67 633 229 694 miraturque
241 631 308 680 nihil
321 634 371 681 nisi
384 634 454 696 quod
466 633 583 682 Libitina
596 636 719 683 sacravit.

66 719 168 768 Ennius
181 727 207 769 et
218 720 320 783 sapiens
333 729 357 772 et
370 722 443 772 fortis
456 732 481 772 et
493 723 558 772 alter
570 722 711 783 Homerus,

67 816 98 857 nt
111 807 197 857 critici
209 808 315 870 dicunt,
330 808 419 858 leviter
432 826 522 861 curare
535 812 635 860 videtur

68 910 122 959 quo
136 896 263 959 promissa
275 898 369 948 cadant
381 907 406 948 et
418 901 519 949 somnia
531 900 710 964 Pythagorea.

67 984 183 1034 Naevius
196 986 223 1034 in
237 987 357 1036 manibus
370 1002 423 1037 non
436 996 509 1038 estet
522 989 650 1037 mentibus
661 987 749 1036 haeret

68 1088 153 1137 paene
165 1074 271 1123 recens?
283 1075 348 1123 adeo
362 1084 480 1124 sanetum
493 1083 530 1124 est
543 1084 614 1124 vetus
627 1089 702 1124 omne
715 1088 818 1138 poema.

69 1161 213 1224 ambigitur
226 1164 344 1224 quotiens
356 1171 413 1212 uter
425 1172 482 1212 utro
496 1163 529 1212 sit
541 1163 628 1226 prior,
643 1163 728 1211 aufert

68 1251 200 1300 Pacuvius
212 1251 282 1299 docti
295 1251 395 1300 famam
409 1251 492 1310 senis,
506 1250 603 1300 Accius
616 1252 676 1312 alti,

69 1339 164 1388 dieitur
177 1338 272 1388 Afrani
285 1346 348 1402 toga
361 1339 508 1389 convenisse
520 1339 664 1388 Menandro
671 1377 678 1403 ,

68 1427 180 1477 Plautus
193 1427 226 1474 ad
239 1428 373 1492 exemplar
385 1427 465 1478 Siculi
477 1443 617 1492 properare
630 1429 795 1494 Epieharmi‚

70 1516 172 1565 vincare
186 1514 313 1566 Caecilius
325 1518 466 1579 gravitate,
481 1517 617 1567 Terentius
629 1525 699 1567 arte.

70 1603 118 1653 hos
132 1604 223 1653 ediscit
237 1612 261 1654 et
273 1605 321 1653 hos
335 1612 390 1654 arto
403 1606 499 1668 stipata
511 1607 612 1656 theatro

70 1699 169 1755 spectat
181 1691 267 1741 Roma
279 1702 382 1756 potens3
398 1694 476 1746 habet
488 1696 536 1745 hos
549 1704 720 1756 numeratque
734 1701 823 1757 poetas

70 1780 104 1828 ad
116 1787 235 1829 nostrum
250 1789 351 1845 tempus
362 1782 421 1832 Livi
435 1785 569 1848 scriptoris
581 1783 613 1831 ab
628 1797 706 1831 aevc.

70 1868 201 1918 interdum
214 1870 302 1934 volgus
314 1878 413 1920 rectum
426 1872 509 1931 videt;
525 1880 562 1921 est
573 1871 618 1919 ubi
630 1877 734 1933 peceat.

72 1957 93 2005 si
106 1965 202 2007 veteres
214 1958 251 2008 ita
264 1959 373 2009 miratur
385 1960 524 2022 laudatque
537 1968 627 2022 poetas

71 2052 101 2094 ut
113 2046 179 2095 nihil
192 2047 337 2108 anteferat,
351 2047 418 2096 nihil
431 2048 483 2097 illis
495 2054 634 2110 conparet,
650 2053 732 2094 errat.

72 2134 93 2183 si
107 2136 236 2197 quaedam
247 2135 325 2186 nimis
338 2137 458 2198 antique,
472 2136 493 2186 si
505 2135 630 2199 pleraque
642 2135 704 2182 dure

73 2223 160 2272 dicere
173 2225 255 2273 credit
268 2239 326 2285 eos,
341 2226 434 2288 ignave
447 2225 529 2274 multa
542 2224 654 2284 fatetur,

73 2320 99 2363 et
111 2313 179 2376 sapit
191 2320 216 2362 et
229 2328 330 2363 meeum
342 2313 407 2363 facit
420 2321 445 2362 et
459 2314 519 2363 Iove
532 2313 629 2362 iudicat
642 2327 740 2375 aequo.

73 2414 127 2450 non
140 2400 260 2464 equidem
272 2401 385 2451 insector
397 2401 536 2450 delendave
548 2401 664 2450 carmina
676 2400 734 2448 Livi

74 2504 129 2540 esse
141 2504 214 2552 reor,
229 2490 337 2539 memini
350 2504 417 2553 quae
430 2489 566 2554 plagosum
579 2490 643 2538 mihi
656 2504 733 2551 parvo

73 2576 204 2627 Orbilium
217 2579 329 2628 dictare:
351 2578 393 2627 sed
407 2578 542 2628 emendata
554 2578 638 2626 videri

73 2666 236 2731 pulchraque
250 2674 276 2716 et
289 2665 388 2716 exactis
401 2667 539 2715 minimum
552 2665 675 2715 distantia
686 2664 780 2712 miror.
