1770 2984
122 338 137 384 8
411 331 578 374 caumont

120 496 291 544 decertantem
303 494 482 558 aquilonibus,

120 598 167 632 nec
180 584 262 633 tristes
274 584 386 649 hyadas,
400 598 448 633 nec
460 582 559 633 rabiem
572 581 643 642 noti,

67 679 92 717 15
121 685 172 732 qno
185 685 238 720 non
252 671 345 721 arbiter
358 671 472 721 Hadriae
490 694 492 698 ⁴

121 760 219 820 maior,
234 759 324 810 tollere
336 775 379 810 seu
392 774 487 823 ponere
500 758 554 809 volt
567 757 648 808 freta.

121 915 198 962 quem
211 902 301 951 mortis
314 901 401 951 timuit
412 901 536 966 gradum,

121 989 165 1050 qni
178 989 252 1039 siccis
264 989 346 1039 oculis
359 997 477 1039 monstra
488 988 619 1049 natantia,

121 1078 165 1139 qui
178 1078 242 1129 vidit
254 1093 326 1128 mare
339 1077 470 1128 turbidum
482 1084 507 1126 et

120 1166 226 1216 infamis
238 1166 356 1230 scopulos
368 1165 578 1215 Acroceraunia?

121 1309 280 1371 nequiquam
293 1309 356 1358 deus
368 1305 478 1356 abscidit

121 1396 232 1458 prudens
246 1394 349 1445 Oceano
363 1393 521 1445 dissociabili

121 1494 215 1544 terras,
231 1484 252 1532 si
265 1491 351 1534 tamen
363 1483 450 1546 inpiae

121 1587 174 1620 non
187 1573 317 1636 tangenda
329 1579 396 1621 rates
408 1569 557 1620 transiliunt
569 1570 650 1619 vada.

69 1721 92 1758 t
123 1715 210 1762 audax
223 1713 311 1762 omnia
322 1711 421 1776 perpeti

123 1817 186 1865 gens
199 1801 314 1849 humana
326 1799 378 1848 ruit
389 1813 436 1862 per
448 1798 556 1849 vetitum
568 1797 655 1849 nefas.

124 1891 209 1938 audax
221 1888 304 1952 Iapeti
315 1903 396 1952 genus

123 1980 211 2042 ignem
223 1977 313 2026 fraude
325 1975 393 2025 mala
404 1976 524 2040 gentibus
535 1977 639 2028 intulit:

124 2128 182 2183 post
194 2121 282 2184 ignem
295 2119 410 2168 aetheria
423 2119 501 2168 domo

125 2210 281 2258 subductum
292 2208 388 2257 macies
400 2214 425 2257 et
436 2222 505 2255 nova
518 2206 629 2257 febrium

125 2296 197 2346 terris
209 2296 327 2346 incubuit
338 2295 445 2355 cohors,

126 2387 268 2448 semotique
280 2384 350 2448 prius
362 2383 436 2432 tarda
447 2383 586 2432 necessitas

126 2528 170 2576 leti
183 2525 308 2590 corripuit
320 2524 443 2588 gradum.

127 2622 247 2678 expertus
259 2628 369 2662 vacuum
380 2609 512 2661 Daedalus
525 2624 586 2660 aera

74 2712 99 2751 35
127 2703 217 2767 pennis
228 2717 281 2752 non
292 2699 394 2750 homini
406 2700 486 2760 datis3

128 2791 243 2855 perrupit
254 2789 405 2841 Acheronta
416 2787 556 2840 Herculeus
568 2786 658 2840 labor.
