1770 2984
351 199 446 240 ursan
461 199 498 239 11.
748 207 798 254 261

55 361 135 422 siquis
149 361 181 408 ad
194 360 239 408 illa
253 361 314 410 deus
327 362 411 410 subito
424 371 449 412 te
462 370 538 424 agat,
553 377 633 425 usque
647 377 758 423 recuses,

10 457 23 495 a
55 457 100 497 aut
114 450 238 511 quianon
252 450 329 498 sentis
342 451 410 512 quod
424 450 519 500 clamas
532 451 624 500 rectius
637 465 689 500 esse

54 547 99 586 aut
113 539 174 601 quia
187 552 240 586 uon
253 537 341 586 firmus
353 546 451 588 rectum
464 538 580 587 defendis
593 547 618 588 et
629 538 719 588 haeres

55 628 213 689 nequiquam
226 641 306 676 caeno
321 626 425 690 cupiens
438 626 544 675 evellere
556 626 687 690 plantam.

55 715 154 764 Romae
167 731 210 763 rus
224 722 297 779 optas
307 752 313 777 ,
322 714 461 778 ¹absentem
475 714 583 763 rusticus
594 713 683 762 urbem

55 802 124 851 tollis
137 803 169 850 ad
183 811 252 852 astra
265 803 341 852 levis.
369 803 391 850 si
404 816 531 864 nusquam
544 815 570 850 es
582 800 649 850 forte
662 809 767 850 vocatus

10 897 28 935 to
57 891 210 952 aduenam,
225 892 315 940 laudas
328 905 445 940 securum
459 890 515 938 olus
531 903 576 949 ac,
591 888 661 938 velut
673 902 781 950 usquam

56 978 154 1027 vinctus
167 993 224 1040 cas,
239 980 314 1028 itate
327 978 432 1028 felicem
445 978 509 1026 dicis
522 991 643 1039 amesque

57 1066 126 1126 quod
138 1081 265 1129 nusquam
278 1066 326 1115 tibi
340 1067 372 1116 sit
383 1066 541 1129 potandum.
568 1065 670 1114 iusserit
683 1065 754 1112 adse

55 1155 191 1204 Maecenas
204 1169 288 1203 serum
301 1154 347 1202 sub
361 1155 459 1204 lumina
471 1155 557 1219 prima
569 1153 656 1203 venire

56 1244 205 1290 convivam:
220 1241 335 1290 “nemon
349 1242 434 1292 oleum
447 1243 496 1293 fert
509 1242 598 1292 ocius?
611 1241 697 1303 ecquis

10 1336 28 1374 te
57 1319 169 1377 audit?'’
183 1344 242 1377 cum
255 1344 349 1395 magno
363 1329 474 1380 blateras
487 1331 599 1380 clamore
611 1330 745 1393 fugisque.

56 1417 168 1465 Mulvius
181 1424 206 1465 et
218 1431 319 1467 scurrae
331 1417 379 1467 tibi
392 1433 445 1467 non
456 1417 593 1468 referenda
604 1417 701 1481 precati

57 1504 201 1554 discedunt.
228 1498 346 1555 “etenim
358 1506 442 1556 fateor
455 1521 495 1556 me
502 1497 517 1517 ''
529 1505 624 1554 dixerit
635 1505 680 1553 ille

55 1591 132 1639 “duci
144 1601 232 1642 ventre
244 1594 341 1655 levem,
357 1610 449 1644 nasum
461 1596 551 1644 nidore
562 1594 682 1656 sepium,

58 1680 207 1741 inbecillus,
222 1682 305 1744 iners,
320 1683 405 1745 siquid
419 1683 471 1743 vis,
487 1682 568 1741 adde,
581 1681 693 1743 popino.

10 1780 30 1816 ic
58 1778 85 1816 tu
100 1784 157 1816 cum
171 1769 204 1816 sis
217 1769 286 1831 quod
299 1784 347 1832 ego
360 1777 385 1819 et
397 1769 513 1818 fortassis
525 1769 649 1830 nequior,
663 1766 731 1814 ultro

58 1859 179 1906 insectere
192 1857 260 1906 velut
272 1857 364 1906 melior
375 1857 507 1919 verbisque
521 1854 620 1904 decoris

59 1945 177 1994 obvolvas
190 1947 282 1994 vitium
290 1946 322 1993 ?''
335 1945 413 2007 quid,
427 1945 448 1994 si
461 1958 502 1992 me
516 1942 617 1991 stultior
629 1941 685 2004 ipso

59 2034 204 2097 quingentis
217 2041 303 2097 empto
317 2033 446 2082 drachmis
459 2028 641 2094 deprenderis?
654 2027 727 2076 aufer

58 2135 99 2169 me
112 2122 182 2170 voltu
195 2129 302 2182 terrere3
318 2135 424 2170 manum
437 2116 649 2180 stomachumque
661 2123 762 2175 teneto,

10 2219 30 2256 is
59 2209 120 2256 dum
135 2223 201 2272 quae
215 2207 328 2273 Crispini
341 2206 429 2257 docuit
441 2220 482 2255 me
495 2206 591 2255 ianitor
603 2206 666 2255 edo.

58 2307 83 2347 te
97 2299 211 2346 coniunx
224 2296 309 2344 aliena
323 2295 408 2359 capit,
423 2278 588 2343 meretricula
597 2293 712 2341 Davum.

58 2393 149 2449 peceat
161 2395 218 2435 uter
229 2393 346 2433 nostrum
358 2396 433 2431 cruce
446 2381 568 2447 dignius?
580 2382 645 2430 acris
659 2381 703 2429 ubi
716 2394 757 2429 me

57 2483 152 2523 natura
164 2472 289 2533 intendit,
304 2471 349 2520 sub
363 2471 432 2520 clara
443 2471 513 2519 nuda
526 2471 631 2519 lucerna

59 2574 236 2624 quaecumque
250 2559 351 2624 excepit
363 2559 488 2624 turgentis
500 2558 606 2609 verbera
618 2556 732 2615 caudae,

10 2658 16 2690 ²
59 2649 176 2699 clunibus
189 2658 233 2698 aut
245 2648 355 2712 agitavit
366 2661 461 2712 equum
473 2648 569 2698 lasciva
581 2645 716 2708 supinum,
