1770 2984
121 138 155 187 48
412 134 577 177 caumana

121 296 175 344 iarn
187 311 254 344 nuuc
267 296 364 345 minaci
378 311 510 345 murmure
523 312 653 347 cornuum

121 385 270 446 perstringis
283 385 368 445 auris,
383 386 437 433 iam
450 384 507 433 litui
521 392 658 449 strepunt,

120 473 174 521 iam
187 471 274 537 fulgor
287 488 418 522 armorum
431 472 532 539 fugacis

67 567 95 606 eo
121 568 200 610 terret
213 576 293 623 equos
306 562 472 624 equitumque
485 561 583 611 voltus.

121 702 210 751 audire
223 717 331 765 magnos
344 703 397 750 iam
409 701 498 750 videor
510 701 586 752 duces

121 805 174 839 nou
188 791 309 839 indecoro
323 789 426 852 pulvere
439 789 572 850 sordidos,

121 885 147 927 et
159 885 253 926 cuncta
264 886 389 927 terrarum
402 878 510 928 subacta

121 975 222 1030 praeter
236 975 350 1016 atrocem
363 967 479 1016 animum
494 965 617 1017 Catonis.

68 1113 93 1152 2⁶
120 1109 186 1158 Iuno
200 1116 225 1157 et
238 1109 345 1157 deorum
358 1108 474 1172 quisquis
488 1107 597 1156 amicior

121 1196 194 1245 Afris
208 1196 292 1247 inulta
304 1205 416 1247 cesserat
429 1197 548 1259 inpotens

120 1285 225 1344 tellure,
242 1287 370 1334 victorum
383 1291 490 1347 nepotes

120 1374 218 1423 rettulit
230 1373 338 1423 inferias
350 1371 506 1437 Iugurthae.

121 1515 178 1577 quis
190 1529 243 1563 uon
255 1515 350 1562 Latino
364 1513 487 1578 sanguine
500 1514 623 1580 pinguior

63 1607 94 1647 so
122 1617 228 1665 campus
242 1602 364 1665 sepulcris
376 1602 450 1664 inpia
462 1601 561 1664 proelia

121 1698 228 1739 testatur
241 1691 407 1751 auditumque
420 1690 503 1739 Media

121 1776 261 1842 Hesperiae
274 1779 387 1827 sonitum
400 1776 508 1827 ruinae?

121 1919 166 1983 qui
178 1935 271 1984 gurges
285 1928 329 1969 aut
342 1935 409 1982 quae
421 1919 528 1967 flumina
540 1918 656 1982 lugubris

121 2007 213 2072 ignara
224 2007 302 2056 belli?
321 2009 391 2070 quod
404 2022 475 2056 mare
487 2006 607 2057 Dauniae

66 2099 92 2139 so
120 2109 174 2143 non
186 2094 364 2145 decoloravere
377 2095 485 2145 caedes?

121 2197 188 2245 quae
201 2191 269 2232 caret
282 2198 329 2232 ora
342 2199 432 2234 cruore
445 2183 553 2234 nostro?

119 2325 164 2374 sed
176 2338 209 2373 ne
220 2324 330 2387 relictis,
345 2325 421 2374 Musa
433 2339 544 2388 procax,
559 2325 625 2374 iocis

121 2411 189 2462 Ceae
202 2420 324 2462 retractes
337 2427 445 2462 munera
457 2413 563 2474 ueniae,

120 2515 222 2550 mecum
234 2500 353 2550 Dionaeo
366 2500 414 2549 sub
427 2507 501 2548 antro

66 2596 92 2634 ιο
121 2604 215 2652 quaere
227 2589 319 2639 modos
331 2589 426 2639 leviore
439 2588 550 2652 plectro.
