1784 3000
365 198 458 238 menn
472 199 493 239 1.
747 205 798 252 309

52 361 149 423 scripta
163 360 242 423 pudet
254 361 362 408 recitare
375 368 399 410 et
412 360 486 424 nugis
500 360 593 410 addere
606 361 719 424 pondus'

53 451 73 498 si
88 450 158 508 dixi,
173 443 271 497 ‘rides’
284 449 321 498 uit
333 448 372 497 ‘et
384 447 452 498 Iovis
466 450 571 499 auribus
583 449 632 498 istu

52 553 149 587 servus:
172 537 229 586 fidis
242 538 308 586 enim
324 551 428 586 manare
441 538 543 601 poetica
556 538 634 588 melle

54 636 79 676 te
92 626 193 686 solum,
208 625 255 673 tibi
267 625 374 689 pulcher
383 616 399 676 ‚³
425 625 535 676 adhaec
548 641 596 691 ego
608 625 717 676 naribus
730 628 769 676 uti

53 715 166 763 formido
181 721 220 774 et,
236 713 357 763 luctantis
371 721 446 763 acuto
460 729 493 763 ne
506 729 575 763 secer
588 715 684 778 ungui,

52 803 185 866 ‘displicet
197 804 245 853 iste
258 794 342 852 locus'
355 803 440 852 clamo
454 810 479 852 et
492 803 590 852 diludia
602 818 695 868 posco.

52 894 128 941 indus
141 894 210 942 enim
224 893 311 956 genuit
323 892 453 954 trepidum
466 900 595 942 certamen
610 900 634 942 et
645 893 727 954 irum,

53 982 93 1028 ire
105 982 184 1028 trucis
196 981 347 1030 inimicitias
360 987 384 1029 et
397 979 503 1030 funebre
516 980 625 1032 bellum.

394 1334 459 1386 XX.

54 1493 227 1559 Vertumnum
240 1509 400 1574 Ianumque,
415 1512 494 1573 liber,
510 1519 623 1576 spectare
636 1512 744 1574 videris,

54 1599 153 1648 scilicet
165 1607 193 1647 ut
206 1607 305 1661 prostes
319 1598 452 1648 Sosiorum
464 1601 566 1663 pumice
578 1601 702 1650 mundus.

55 1688 132 1736 odisti
147 1687 223 1735 clavis
236 1695 260 1736 et
274 1695 347 1752 gratu
359 1688 445 1752 sigilla
457 1689 566 1751 pudico,

55 1776 144 1839 paucis
157 1775 256 1823 ostendi
271 1776 352 1839 gemis
365 1782 390 1824 et
402 1776 550 1824 communia
562 1775 667 1835 leudes,

56 1879 110 1913 non
123 1865 159 1913 ito
171 1865 295 1912 nutritus.
321 1862 382 1927 fuge
395 1878 446 1926 quo
460 1864 612 1912 descendere
624 1865 714 1928 gestis:

56 1968 109 2001 uon
123 1953 171 2001 erit
184 1953 275 2004 emisso
289 1952 385 2001 reditus
397 1952 459 2003 tibi.
485 1945 562 2014 ‘quid
575 1951 651 2000 miscr
664 1951 723 2016 egi?

56 2041 118 2104 quid
132 2031 232 2088 volui?'
258 2040 327 2089 dices
340 2041 385 2089 ubi
398 2041 460 2102 quid
473 2047 497 2089 te
510 2040 626 2099 iaeserit3
649 2048 673 2089 ct
686 2041 735 2090 scis

56 2132 82 2177 in
96 2130 171 2179 breve
184 2137 209 2178 te
222 2129 280 2191 cogi
294 2144 352 2178 cum
365 2129 455 2192 plenus
468 2129 575 2191 languet
587 2136 703 2179 ametor.

57 2218 150 2280 quodsi
162 2232 216 2266 non
230 2218 291 2266 odio
304 2218 435 2281 peccantis
448 2217 542 2280 desipit
553 2231 649 2280 augur,

10 2315 28 2352 ,ο
57 2322 131 2354 curus
144 2307 193 2355 eris
205 2305 304 2356 Romae
318 2306 400 2355 donec
412 2313 437 2355 te
450 2305 549 2353 deseret
560 2311 643 2354 actes:

57 2402 230 2443 contrectatus
242 2393 288 2442 ubi
301 2394 421 2444 munibus
434 2393 577 2443 sordescere
589 2393 658 2457 volgi

57 2483 187 2545 coeperis,
203 2491 247 2534 eut
260 2483 342 2532 tineas
355 2498 444 2547 pasces
457 2482 599 2532 taciturnus
611 2482 700 2532 inertis

55 2578 100 2618 aut
114 2570 196 2633 fugies
208 2571 312 2620 Uticam
325 2578 370 2620 cut
382 2572 482 2621 vinctus
496 2571 605 2620 mitteris
616 2570 751 2621 Ilerdum„

51 2659 148 2706 ridebit
158 2661 276 2710 monitor
288 2675 342 2712 non
359 2662 519 2724 exauditus,
531 2659 625 2711 utiiic
