<?xml version="1.0" encoding="UTF-8"?>
<!DOCTYPE html PUBLIC "-//W3C//DTD XHTML 1.0 Transitional//EN"
    "http://www.w3.org/TR/xhtml1/DTD/xhtml1-transitional.dtd">
<html xmlns="http://www.w3.org/1999/xhtml" xml:lang="en" lang="en">
 <head>
  <title>
</title>
<meta http-equiv="Content-Type" content="text/html;charset=utf-8" />
  <meta name='ocr-system' content='tesseract 3.04.00' />
  <meta name='ocr-capabilities' content='ocr_page ocr_carea ocr_par ocr_line ocrx_word'/>
</head>
<body>
  <div class='ocr_page' id='page_1' title='image "./qhoratiflacciop00vahlgoog_0327.png"; bbox 0 0 1770 2984; ppageno 0'>
   <div class='ocr_carea' id='block_1_1' title="bbox 99 160 595 230">
    <p class='ocr_par' dir='ltr' id='par_1_1' title="bbox 99 160 595 230">
     <span class='ocr_line' id='line_1_1' title="bbox 99 160 595 230; baseline 0 -13"><span class='ocrx_word' id='word_1_1' title='bbox 99 183 150 230; x_wconf 79' lang='lat'>318</span> <span class='ocrx_word' id='word_1_2' title='bbox 375 160 595 219; x_wconf 71' lang='lat' dir='ltr'>nersrnnnnuu</span> 
     </span>
    </p>
   </div>
   <div class='ocr_carea' id='block_1_2' title="bbox 46 338 851 2698">
    <p class='ocr_par' dir='ltr' id='par_1_2' title="bbox 46 338 832 757">
     <span class='ocr_line' id='line_1_2' title="bbox 46 338 759 401; baseline 0.001 -11"><span class='ocrx_word' id='word_1_3' title='bbox 46 352 84 390; x_wconf 85' lang='lat' dir='ltr'>reo</span> <span class='ocrx_word' id='word_1_4' title='bbox 100 341 200 389; x_wconf 87' lang='lat' dir='ltr'>subruit</span> <span class='ocrx_word' id='word_1_5' title='bbox 213 347 257 388; x_wconf 92' lang='lat' dir='ltr'>aut</span> <span class='ocrx_word' id='word_1_6' title='bbox 269 339 366 389; x_wconf 87' lang='lat' dir='ltr'>reficit.</span> <span class='ocrx_word' id='word_1_7' title='bbox 395 338 479 390; x_wconf 88' lang='lat' dir='ltr'>valeat</span> <span class='ocrx_word' id='word_1_8' title='bbox 490 353 530 389; x_wconf 92' lang='lat' dir='ltr'>res</span> <span class='ocrx_word' id='word_1_9' title='bbox 542 339 661 401; x_wconf 86' lang='lat' dir='ltr'>ludicra,</span> <span class='ocrx_word' id='word_1_10' title='bbox 676 342 699 390; x_wconf 88' lang='lat' dir='ltr'>si</span> <span class='ocrx_word' id='word_1_11' title='bbox 714 356 759 391; x_wconf 89' lang='lat' dir='ltr'>me</span> 
     </span>
     <span class='ocr_line' id='line_1_3' title="bbox 100 427 816 492; baseline 0.004 -16"><span class='ocrx_word' id='word_1_12' title='bbox 100 428 186 491; x_wconf 86' lang='lat' dir='ltr'>palma</span> <span class='ocrx_word' id='word_1_13' title='bbox 198 436 294 492; x_wconf 88' lang='lat' dir='ltr'>negata</span> <span class='ocrx_word' id='word_1_14' title='bbox 306 442 440 488; x_wconf 82' lang='lat' dir='ltr'>macrum,</span> <span class='ocrx_word' id='word_1_15' title='bbox 455 427 552 476; x_wconf 86' lang='lat' dir='ltr'>donate</span> <span class='ocrx_word' id='word_1_16' title='bbox 563 429 668 479; x_wconf 81' lang='lat' dir='ltr'><strong>reducit</strong></span> <span class='ocrx_word' id='word_1_17' title='bbox 681 429 816 492; x_wconf 91' lang='lat' dir='ltr'>opimum.</span> 
     </span>
     <span class='ocr_line' id='line_1_4' title="bbox 99 503 832 582; baseline 0.004 -17"><span class='ocrx_word' id='word_1_18' title='bbox 99 530 175 579; x_wconf 82' lang='lat' dir='ltr'><strong>saepe</strong></span> <span class='ocrx_word' id='word_1_19' title='bbox 188 516 266 565; x_wconf 91' lang='lat' dir='ltr'>etiam</span> <span class='ocrx_word' id='word_1_20' title='bbox 280 517 406 566; x_wconf 79' lang='lat' dir='ltr'><strong>audacem</strong></span> <span class='ocrx_word' id='word_1_21' title='bbox 420 503 553 580; x_wconf 80' lang='lat' dir='ltr'>&#39;fugarhoc</span> <span class='ocrx_word' id='word_1_22' title='bbox 565 523 698 580; x_wconf 89' lang='lat' dir='ltr'>terretque</span> <span class='ocrx_word' id='word_1_23' title='bbox 713 526 832 582; x_wconf 83' lang='lat' dir='ltr'>poetam,</span> 
     </span>
     <span class='ocr_line' id='line_1_5' title="bbox 99 603 808 668; baseline 0.007 -16"><span class='ocrx_word' id='word_1_24' title='bbox 99 606 168 666; x_wconf 85' lang='lat' dir='ltr'>quod</span> <span class='ocrx_word' id='word_1_25' title='bbox 181 618 289 654; x_wconf 86' lang='lat' dir='ltr'>numero</span> <span class='ocrx_word' id='word_1_26' title='bbox 302 604 401 667; x_wconf 89' lang='lat' dir='ltr'>plures,</span> <span class='ocrx_word' id='word_1_27' title='bbox 415 604 508 654; x_wconf 88' lang='lat' dir='ltr'>virtute</span> <span class='ocrx_word' id='word_1_28' title='bbox 521 612 545 652; x_wconf 90' lang='lat' dir='ltr'>et</span> <span class='ocrx_word' id='word_1_29' title='bbox 557 603 661 654; x_wconf 80' lang='lat' dir='ltr'>honore</span> <span class='ocrx_word' id='word_1_30' title='bbox 673 605 808 668; x_wconf 86' lang='lat' dir='ltr'>minores,</span> 
     </span>
     <span class='ocr_line' id='line_1_6' title="bbox 99 692 648 757; baseline 0.005 -18"><span class='ocrx_word' id='word_1_31' title='bbox 99 692 197 741; x_wconf 89' lang='lat' dir='ltr'>indocti</span> <span class='ocrx_word' id='word_1_32' title='bbox 211 692 351 755; x_wconf 81' lang='lat' dir='ltr'>stolidique</span> <span class='ocrx_word' id='word_1_33' title='bbox 363 699 389 742; x_wconf 91' lang='lat' dir='ltr'>et</span> <span class='ocrx_word' id='word_1_34' title='bbox 401 693 548 757; x_wconf 76' lang='lat' dir='ltr'>depugnare</span> <span class='ocrx_word' id='word_1_35' title='bbox 560 693 648 756; x_wconf 91' lang='lat' dir='ltr'>parati</span> 
     </span>
    </p>

    <p class='ocr_par' dir='ltr' id='par_1_3' title="bbox 47 780 851 1197">
     <span class='ocr_line' id='line_1_7' title="bbox 47 780 811 845; baseline 0.003 -16"><span class='ocrx_word' id='word_1_36' title='bbox 47 791 85 829; x_wconf 81' lang='lat' dir='ltr'>res</span> <span class='ocrx_word' id='word_1_37' title='bbox 101 780 121 829; x_wconf 93' lang='lat' dir='ltr'>si</span> <span class='ocrx_word' id='word_1_38' title='bbox 135 781 263 830; x_wconf 80' lang='lat' dir='ltr'><strong>discordet</strong></span> <span class='ocrx_word' id='word_1_39' title='bbox 275 794 367 843; x_wconf 85' lang='lat' dir='ltr'>eques,</span> <span class='ocrx_word' id='word_1_40' title='bbox 382 780 468 829; x_wconf 83' lang='lat' dir='ltr'>media</span> <span class='ocrx_word' id='word_1_41' title='bbox 479 780 548 830; x_wconf 91' lang='lat' dir='ltr'>inter</span> <span class='ocrx_word' id='word_1_42' title='bbox 558 781 678 830; x_wconf 71' lang='lat' dir='ltr'>earmina</span> <span class='ocrx_word' id='word_1_43' title='bbox 691 789 811 845; x_wconf 84' lang='lat' dir='ltr'>poscunt</span> 
     </span>
     <span class='ocr_line' id='line_1_8' title="bbox 101 867 835 934; baseline -0.001 -16"><span class='ocrx_word' id='word_1_44' title='bbox 101 877 145 919; x_wconf 90' lang='lat' dir='ltr'>aut</span> <span class='ocrx_word' id='word_1_45' title='bbox 158 884 245 918; x_wconf 88' lang='lat' dir='ltr'>ursum</span> <span class='ocrx_word' id='word_1_46' title='bbox 258 877 303 918; x_wconf 94' lang='lat' dir='ltr'>ant</span> <span class='ocrx_word' id='word_1_47' title='bbox 315 868 430 932; x_wconf 80' lang='lat' dir='ltr'>pugiles:</span> <span class='ocrx_word' id='word_1_48' title='bbox 446 868 560 916; x_wconf 85' lang='lat' dir='ltr'>hisnem</span> <span class='ocrx_word' id='word_1_49' title='bbox 573 867 711 931; x_wconf 82' lang='lat' dir='ltr'>plebecula</span> <span class='ocrx_word' id='word_1_50' title='bbox 724 870 835 934; x_wconf 84' lang='lat' dir='ltr'>gaudet.</span> 
     </span>
     <span class='ocr_line' id='line_1_9' title="bbox 98 955 851 1022; baseline -0.001 -15"><span class='ocrx_word' id='word_1_51' title='bbox 98 972 185 1007; x_wconf 89' lang='lat' dir='ltr'>verum</span> <span class='ocrx_word' id='word_1_52' title='bbox 197 957 291 1019; x_wconf 87' lang='lat' dir='ltr'>equitis</span> <span class='ocrx_word' id='word_1_53' title='bbox 304 970 408 1019; x_wconf 91' lang='lat' dir='ltr'>quoque</span> <span class='ocrx_word' id='word_1_54' title='bbox 420 956 474 1004; x_wconf 90' lang='lat' dir='ltr'>iam</span> <span class='ocrx_word' id='word_1_55' title='bbox 486 956 606 1021; x_wconf 83' lang='lat' dir='ltr'>migravit</span> <span class='ocrx_word' id='word_1_56' title='bbox 615 955 649 1005; x_wconf 90' lang='lat' dir='ltr'>ab</span> <span class='ocrx_word' id='word_1_57' title='bbox 662 972 727 1006; x_wconf 89' lang='lat' dir='ltr'>aure</span> <span class='ocrx_word' id='word_1_58' title='bbox 739 959 851 1022; x_wconf 84' lang='lat' dir='ltr'>voluptas</span> 
     </span>
     <span class='ocr_line' id='line_1_10' title="bbox 100 1043 698 1109; baseline -0.002 -14"><span class='ocrx_word' id='word_1_59' title='bbox 100 1047 185 1095; x_wconf 88' lang='lat' dir='ltr'>omnis</span> <span class='ocrx_word' id='word_1_60' title='bbox 198 1046 230 1094; x_wconf 81' lang='lat' dir='ltr'>ad</span> <span class='ocrx_word' id='word_1_61' title='bbox 244 1047 355 1094; x_wconf 89' lang='lat' dir='ltr'>incertos</span> <span class='ocrx_word' id='word_1_62' title='bbox 369 1043 457 1094; x_wconf 92' lang='lat' dir='ltr'>oculos</span> <span class='ocrx_word' id='word_1_63' title='bbox 469 1053 495 1094; x_wconf 87' lang='lat' dir='ltr'>et</span> <span class='ocrx_word' id='word_1_64' title='bbox 507 1045 603 1109; x_wconf 84' lang='lat' dir='ltr'>gaudie</span> <span class='ocrx_word' id='word_1_65' title='bbox 615 1058 698 1094; x_wconf 84' lang='lat' dir='ltr'>vana.</span> 
     </span>
     <span class='ocr_line' id='line_1_11' title="bbox 100 1131 791 1197; baseline 0.003 -15"><span class='ocrx_word' id='word_1_66' title='bbox 100 1142 222 1196; x_wconf 88' lang='lat' dir='ltr'>quattuor</span> <span class='ocrx_word' id='word_1_67' title='bbox 235 1141 280 1182; x_wconf 88' lang='lat' dir='ltr'>aut</span> <span class='ocrx_word' id='word_1_68' title='bbox 292 1132 373 1195; x_wconf 89' lang='lat' dir='ltr'>pluris</span> <span class='ocrx_word' id='word_1_69' title='bbox 387 1131 478 1181; x_wconf 91' lang='lat' dir='ltr'>aulaea</span> <span class='ocrx_word' id='word_1_70' title='bbox 491 1140 641 1197; x_wconf 88' lang='lat' dir='ltr'>premuntur</span> <span class='ocrx_word' id='word_1_71' title='bbox 652 1133 682 1180; x_wconf 88' lang='lat' dir='ltr'>in</span> <span class='ocrx_word' id='word_1_72' title='bbox 696 1132 791 1196; x_wconf 89' lang='lat' dir='ltr'>horas,</span> 
     </span>
    </p>

    <p class='ocr_par' dir='ltr' id='par_1_4' title="bbox 48 1221 847 1634">
     <span class='ocr_line' id='line_1_12' title="bbox 48 1221 847 1286; baseline 0.004 -19"><span class='ocrx_word' id='word_1_73' title='bbox 48 1232 87 1270; x_wconf 83' lang='lat' dir='ltr'>mo</span> <span class='ocrx_word' id='word_1_74' title='bbox 102 1223 163 1271; x_wconf 88' lang='lat' dir='ltr'>dum</span> <span class='ocrx_word' id='word_1_75' title='bbox 177 1222 280 1286; x_wconf 85' lang='lat' dir='ltr'>fugiunt</span> <span class='ocrx_word' id='word_1_76' title='bbox 294 1221 410 1283; x_wconf 86' lang='lat' dir='ltr'>equitum</span> <span class='ocrx_word' id='word_1_77' title='bbox 423 1229 523 1270; x_wconf 86' lang='lat' dir='ltr'>turmae</span> <span class='ocrx_word' id='word_1_78' title='bbox 535 1221 704 1284; x_wconf 87' lang='lat' dir='ltr'>peditumque</span> <span class='ocrx_word' id='word_1_79' title='bbox 717 1230 847 1279; x_wconf 86' lang='lat' dir='ltr'>catervae;</span> 
     </span>
     <span class='ocr_line' id='line_1_13' title="bbox 101 1309 767 1374; baseline 0.002 -16"><span class='ocrx_word' id='word_1_80' title='bbox 101 1325 164 1358; x_wconf 87' lang='lat' dir='ltr'>mox</span> <span class='ocrx_word' id='word_1_81' title='bbox 176 1310 285 1360; x_wconf 79' lang='lat' dir='ltr'>trahitur</span> <span class='ocrx_word' id='word_1_82' title='bbox 298 1309 417 1358; x_wconf 79' lang='lat' dir='ltr'>menibus</span> <span class='ocrx_word' id='word_1_83' title='bbox 430 1324 519 1374; x_wconf 83' lang='lat' dir='ltr'>regum</span> <span class='ocrx_word' id='word_1_84' title='bbox 529 1309 635 1358; x_wconf 81' lang='lat' dir='ltr'>fortune</span> <span class='ocrx_word' id='word_1_85' title='bbox 646 1310 767 1373; x_wconf 84' lang='lat' dir='ltr'>retortis,</span> 
     </span>
     <span class='ocr_line' id='line_1_14' title="bbox 101 1397 731 1461; baseline -0.002 -14"><span class='ocrx_word' id='word_1_86' title='bbox 101 1399 188 1447; x_wconf 81' lang='lat' dir='ltr'>esseda</span> <span class='ocrx_word' id='word_1_87' title='bbox 201 1398 341 1458; x_wconf 82' lang='lat' dir='ltr'>festinent,</span> <span class='ocrx_word' id='word_1_88' title='bbox 356 1397 468 1461; x_wconf 86' lang='lat' dir='ltr'>pilenta,</span> <span class='ocrx_word' id='word_1_89' title='bbox 483 1397 622 1461; x_wconf 89' lang='lat' dir='ltr'>petorrita,</span> <span class='ocrx_word' id='word_1_90' title='bbox 637 1412 731 1460; x_wconf 85' lang='lat' dir='ltr'>naves,</span> 
     </span>
     <span class='ocr_line' id='line_1_15' title="bbox 101 1483 741 1548; baseline 0.003 -15"><span class='ocrx_word' id='word_1_91' title='bbox 101 1485 230 1546; x_wconf 80' lang='lat' dir='ltr'>captivum</span> <span class='ocrx_word' id='word_1_92' title='bbox 243 1492 362 1548; x_wconf 83' lang='lat' dir='ltr'>portetur</span> <span class='ocrx_word' id='word_1_93' title='bbox 374 1485 454 1546; x_wconf 90' lang='lat' dir='ltr'>ebur,</span> <span class='ocrx_word' id='word_1_94' title='bbox 468 1486 572 1548; x_wconf 86' lang='lat' dir='ltr'>captiva</span> <span class='ocrx_word' id='word_1_95' title='bbox 583 1483 741 1535; x_wconf 83' lang='lat' dir='ltr'>Corinthus.</span> 
     </span>
     <span class='ocr_line' id='line_1_16' title="bbox 100 1572 702 1634; baseline 0 -14"><span class='ocrx_word' id='word_1_96' title='bbox 100 1573 122 1621; x_wconf 92' lang='lat' dir='ltr'>si</span> <span class='ocrx_word' id='word_1_97' title='bbox 135 1572 202 1622; x_wconf 84' lang='lat' dir='ltr'>foret</span> <span class='ocrx_word' id='word_1_98' title='bbox 214 1573 242 1622; x_wconf 91' lang='lat' dir='ltr'>in</span> <span class='ocrx_word' id='word_1_99' title='bbox 255 1574 344 1634; x_wconf 88' lang='lat' dir='ltr'>terris,</span> <span class='ocrx_word' id='word_1_100' title='bbox 360 1574 453 1623; x_wconf 87' lang='lat' dir='ltr'>rideret</span> <span class='ocrx_word' id='word_1_101' title='bbox 465 1573 643 1633; x_wconf 80' lang='lat' dir='ltr'>Democritus,</span> <span class='ocrx_word' id='word_1_102' title='bbox 657 1587 702 1621; x_wconf 88' lang='lat' dir='ltr'>sen</span> 
     </span>
    </p>

    <p class='ocr_par' dir='ltr' id='par_1_5' title="bbox 48 1661 722 2079">
     <span class='ocr_line' id='line_1_17' title="bbox 48 1661 696 1726; baseline 0.002 -18"><span class='ocrx_word' id='word_1_103' title='bbox 48 1671 86 1709; x_wconf 76' lang='lat'>195</span> <span class='ocrx_word' id='word_1_104' title='bbox 101 1661 229 1710; x_wconf 81' lang='lat' dir='ltr'>diversum</span> <span class='ocrx_word' id='word_1_105' title='bbox 243 1661 350 1710; x_wconf 87' lang='lat' dir='ltr'>confusa</span> <span class='ocrx_word' id='word_1_106' title='bbox 362 1676 444 1726; x_wconf 89' lang='lat' dir='ltr'>genus</span> <span class='ocrx_word' id='word_1_107' title='bbox 457 1661 583 1725; x_wconf 85' lang='lat' dir='ltr'>panthera</span> <span class='ocrx_word' id='word_1_108' title='bbox 596 1661 696 1710; x_wconf 91' lang='lat' dir='ltr'>camelo</span> 
     </span>
     <span class='ocr_line' id='line_1_18' title="bbox 101 1750 685 1814; baseline -0.002 -16"><span class='ocrx_word' id='word_1_109' title='bbox 101 1751 152 1799; x_wconf 86' lang='lat' dir='ltr'>sive</span> <span class='ocrx_word' id='word_1_110' title='bbox 166 1751 271 1814; x_wconf 86' lang='lat' dir='ltr'>elephas</span> <span class='ocrx_word' id='word_1_111' title='bbox 285 1750 358 1799; x_wconf 89' lang='lat' dir='ltr'>albus</span> <span class='ocrx_word' id='word_1_112' title='bbox 369 1750 437 1814; x_wconf 84' lang='lat' dir='ltr'>volgi</span> <span class='ocrx_word' id='word_1_113' title='bbox 451 1757 611 1799; x_wconf 85' lang='lat' dir='ltr'>converteret</span> <span class='ocrx_word' id='word_1_114' title='bbox 623 1763 685 1808; x_wconf 84' lang='lat' dir='ltr'>ora3</span> 
     </span>
     <span class='ocr_line' id='line_1_19' title="bbox 101 1838 654 1904; baseline -0.004 -18"><span class='ocrx_word' id='word_1_115' title='bbox 101 1848 226 1902; x_wconf 83' lang='lat' dir='ltr'>spectaret</span> <span class='ocrx_word' id='word_1_116' title='bbox 238 1840 363 1904; x_wconf 91' lang='lat' dir='ltr'>populum</span> <span class='ocrx_word' id='word_1_117' title='bbox 376 1839 443 1887; x_wconf 90' lang='lat' dir='ltr'>ludis</span> <span class='ocrx_word' id='word_1_118' title='bbox 456 1838 579 1887; x_wconf 89' lang='lat' dir='ltr'>attentius</span> <span class='ocrx_word' id='word_1_119' title='bbox 591 1838 654 1900; x_wconf 91' lang='lat' dir='ltr'>ipsis</span> 
     </span>
     <span class='ocr_line' id='line_1_20' title="bbox 101 1923 722 1990; baseline -0.005 -15"><span class='ocrx_word' id='word_1_120' title='bbox 101 1935 129 1975; x_wconf 93' lang='lat' dir='ltr'>ut</span> <span class='ocrx_word' id='word_1_121' title='bbox 142 1928 190 1976; x_wconf 90' lang='lat' dir='ltr'>sibi</span> <span class='ocrx_word' id='word_1_122' title='bbox 203 1929 368 1990; x_wconf 89' lang='lat' dir='ltr'>praebentem</span> <span class='ocrx_word' id='word_1_123' title='bbox 380 1926 463 1975; x_wconf 87' lang='lat' dir='ltr'>nimio</span> <span class='ocrx_word' id='word_1_124' title='bbox 476 1923 620 1988; x_wconf 87' lang='lat' dir='ltr'>spectacula</span> <span class='ocrx_word' id='word_1_125' title='bbox 632 1924 722 1987; x_wconf 76' lang='lat' dir='ltr'>plura3</span> 
     </span>
     <span class='ocr_line' id='line_1_21' title="bbox 101 2012 656 2079; baseline -0.004 -17"><span class='ocrx_word' id='word_1_126' title='bbox 101 2017 238 2079; x_wconf 85' lang='lat' dir='ltr'>scriptores</span> <span class='ocrx_word' id='word_1_127' title='bbox 251 2024 336 2066; x_wconf 89' lang='lat' dir='ltr'>autem</span> <span class='ocrx_word' id='word_1_128' title='bbox 348 2029 453 2064; x_wconf 89' lang='lat' dir='ltr'>narrare</span> <span class='ocrx_word' id='word_1_129' title='bbox 465 2021 568 2078; x_wconf 88' lang='lat' dir='ltr'>putaret</span> <span class='ocrx_word' id='word_1_130' title='bbox 579 2012 656 2062; x_wconf 88' lang='lat' dir='ltr'>asello</span> 
     </span>
    </p>

    <p class='ocr_par' dir='ltr' id='par_1_6' title="bbox 48 2102 848 2520">
     <span class='ocr_line' id='line_1_22' title="bbox 48 2102 742 2166; baseline 0 -16"><span class='ocrx_word' id='word_1_131' title='bbox 48 2112 86 2150; x_wconf 75' lang='lat' dir='ltr'>eoo</span> <span class='ocrx_word' id='word_1_132' title='bbox 103 2104 225 2154; x_wconf 82' lang='lat' dir='ltr'>fabellam</span> <span class='ocrx_word' id='word_1_133' title='bbox 238 2106 330 2157; x_wconf 87' lang='lat' dir='ltr'>surdo.</span> <span class='ocrx_word' id='word_1_134' title='bbox 357 2119 418 2152; x_wconf 90' lang='lat' dir='ltr'>nam</span> <span class='ocrx_word' id='word_1_135' title='bbox 431 2117 498 2165; x_wconf 87' lang='lat' dir='ltr'>quae</span> <span class='ocrx_word' id='word_1_136' title='bbox 510 2102 655 2166; x_wconf 89' lang='lat' dir='ltr'>pervincere</span> <span class='ocrx_word' id='word_1_137' title='bbox 668 2114 742 2150; x_wconf 88' lang='lat' dir='ltr'>voces</span> 
     </span>
     <span class='ocr_line' id='line_1_23' title="bbox 102 2188 798 2254; baseline -0.006 -13"><span class='ocrx_word' id='word_1_138' title='bbox 102 2192 218 2241; x_wconf 82' lang='lat' dir='ltr'>evaluere</span> <span class='ocrx_word' id='word_1_139' title='bbox 232 2208 341 2253; x_wconf 86' lang='lat' dir='ltr'>sonum,</span> <span class='ocrx_word' id='word_1_140' title='bbox 356 2193 472 2241; x_wconf 81' lang='lat' dir='ltr'>referunt</span> <span class='ocrx_word' id='word_1_141' title='bbox 485 2205 563 2254; x_wconf 89' lang='lat' dir='ltr'>quem</span> <span class='ocrx_word' id='word_1_142' title='bbox 575 2197 664 2238; x_wconf 87' lang='lat' dir='ltr'>nostra</span> <span class='ocrx_word' id='word_1_143' title='bbox 675 2188 798 2238; x_wconf 79' lang='lat' dir='ltr'>theatra?</span> 
     </span>
     <span class='ocr_line' id='line_1_24' title="bbox 102 2276 848 2344; baseline -0.008 -13"><span class='ocrx_word' id='word_1_144' title='bbox 102 2279 254 2342; x_wconf 79' lang='lat' dir='ltr'>Garganum</span> <span class='ocrx_word' id='word_1_145' title='bbox 267 2281 366 2344; x_wconf 85' lang='lat' dir='ltr'>mugire</span> <span class='ocrx_word' id='word_1_146' title='bbox 379 2288 451 2344; x_wconf 87' lang='lat' dir='ltr'>putes</span> <span class='ocrx_word' id='word_1_147' title='bbox 464 2294 555 2329; x_wconf 90' lang='lat' dir='ltr'>nemus</span> <span class='ocrx_word' id='word_1_148' title='bbox 574 2286 620 2326; x_wconf 94' lang='lat' dir='ltr'>aut</span> <span class='ocrx_word' id='word_1_149' title='bbox 632 2291 703 2326; x_wconf 87' lang='lat' dir='ltr'>mare</span> <span class='ocrx_word' id='word_1_150' title='bbox 717 2276 848 2336; x_wconf 86' lang='lat' dir='ltr'>Tuscum,</span> 
     </span>
     <span class='ocr_line' id='line_1_25' title="bbox 102 2368 712 2432; baseline -0.005 -14"><span class='ocrx_word' id='word_1_151' title='bbox 102 2379 173 2418; x_wconf 80' lang='lat' dir='ltr'>tanto</span> <span class='ocrx_word' id='word_1_152' title='bbox 187 2382 246 2417; x_wconf 91' lang='lat' dir='ltr'>cum</span> <span class='ocrx_word' id='word_1_153' title='bbox 259 2368 367 2430; x_wconf 88' lang='lat' dir='ltr'>strepitu</span> <span class='ocrx_word' id='word_1_154' title='bbox 380 2369 434 2417; x_wconf 88' lang='lat' dir='ltr'>ludi</span> <span class='ocrx_word' id='word_1_155' title='bbox 447 2373 595 2432; x_wconf 86' lang='lat' dir='ltr'>spectantur</span> <span class='ocrx_word' id='word_1_156' title='bbox 608 2375 632 2416; x_wconf 90' lang='lat' dir='ltr'>et</span> <span class='ocrx_word' id='word_1_157' title='bbox 645 2373 712 2416; x_wconf 86' lang='lat' dir='ltr'>artes</span> 
     </span>
     <span class='ocr_line' id='line_1_26' title="bbox 101 2455 739 2520; baseline -0.009 -13"><span class='ocrx_word' id='word_1_158' title='bbox 101 2458 258 2519; x_wconf 86' lang='lat' dir='ltr'>divitiaeque</span> <span class='ocrx_word' id='word_1_159' title='bbox 271 2457 437 2520; x_wconf 86' lang='lat' dir='ltr'>peregrinae:</span> <span class='ocrx_word' id='word_1_160' title='bbox 453 2455 546 2519; x_wconf 91' lang='lat' dir='ltr'>quibus</span> <span class='ocrx_word' id='word_1_161' title='bbox 559 2455 654 2506; x_wconf 91' lang='lat' dir='ltr'>oblitus</span> <span class='ocrx_word' id='word_1_162' title='bbox 667 2460 739 2505; x_wconf 87' lang='lat' dir='ltr'>actor</span> 
     </span>
    </p>

    <p class='ocr_par' dir='ltr' id='par_1_7' title="bbox 49 2544 813 2698">
     <span class='ocr_line' id='line_1_27' title="bbox 49 2544 781 2604; baseline 0.001 -12"><span class='ocrx_word' id='word_1_163' title='bbox 49 2556 87 2595; x_wconf 76' lang='lat' dir='ltr'>aot</span> <span class='ocrx_word' id='word_1_164' title='bbox 102 2563 161 2596; x_wconf 91' lang='lat' dir='ltr'>cum</span> <span class='ocrx_word' id='word_1_165' title='bbox 174 2546 242 2596; x_wconf 88' lang='lat' dir='ltr'>stetit</span> <span class='ocrx_word' id='word_1_166' title='bbox 254 2545 282 2593; x_wconf 89' lang='lat' dir='ltr'>in</span> <span class='ocrx_word' id='word_1_167' title='bbox 295 2558 402 2604; x_wconf 77' lang='lat' dir='ltr'>scaena,</span> <span class='ocrx_word' id='word_1_168' title='bbox 417 2545 546 2594; x_wconf 86' lang='lat' dir='ltr'>concurrit</span> <span class='ocrx_word' id='word_1_169' title='bbox 559 2544 664 2594; x_wconf 89' lang='lat' dir='ltr'>dextera</span> <span class='ocrx_word' id='word_1_170' title='bbox 675 2544 781 2593; x_wconf 89' lang='lat' dir='ltr'>laevae.</span> 
     </span>
     <span class='ocr_line' id='line_1_28' title="bbox 102 2629 813 2698; baseline -0.008 -14"><span class='ocrx_word' id='word_1_171' title='bbox 102 2635 169 2684; x_wconf 79' lang='lat' dir='ltr'>dixit</span> <span class='ocrx_word' id='word_1_172' title='bbox 182 2634 265 2683; x_wconf 83' lang='lat' dir='ltr'>edhuc</span> <span class='ocrx_word' id='word_1_173' title='bbox 279 2631 396 2698; x_wconf 87' lang='lat' dir='ltr'>aliquid?</span> <span class='ocrx_word' id='word_1_174' title='bbox 408 2632 447 2681; x_wconf 92' lang='lat' dir='ltr'>nil</span> <span class='ocrx_word' id='word_1_175' title='bbox 459 2647 532 2683; x_wconf 90' lang='lat' dir='ltr'>sane.</span> <span class='ocrx_word' id='word_1_176' title='bbox 561 2632 622 2695; x_wconf 91' lang='lat' dir='ltr'>quid</span> <span class='ocrx_word' id='word_1_177' title='bbox 635 2632 720 2695; x_wconf 87' lang='lat' dir='ltr'>placet</span> <span class='ocrx_word' id='word_1_178' title='bbox 732 2629 813 2693; x_wconf 84' lang='lat' dir='ltr'>ergo?</span> 
     </span>
    </p>
   </div>
   <div class='ocr_carea' id='block_1_3' title="bbox 0 0 895 2984">
    <p class='ocr_par' dir='ltr' id='par_1_8' title="bbox 0 0 895 2984">
     <span class='ocr_line' id='line_1_29' title="bbox 0 0 895 2984; baseline 0 0"><span class='ocrx_word' id='word_1_179' title='bbox 0 0 895 2984; x_wconf 95' lang='lat' dir='ltr'> </span> 
     </span>
    </p>
   </div>
  </div>
 </body>
</html>
