1784 3000
351 205 455 252 ¹manu
469 205 506 245 11.
757 211 807 260 325

61 367 242 430 caelatumque
255 382 347 417 novem
359 369 438 418 musis
451 369 530 433 opus!
557 369 660 432 adspice
673 368 786 432 primum

60 464 158 517 quanto
172 471 231 505 cum
244 457 327 517 fastu,
343 464 440 520 quanto
454 457 587 506 molimine
600 457 697 505 circum

60 551 203 606 spectemus
216 561 324 595 vacuam
336 545 460 595 Romanis
471 546 572 594 vatibus
584 546 687 595 aedem:

21 638 31 676 5
62 647 127 682 mox
141 634 235 694 etiam,
251 635 271 682 si
285 634 351 683 forte
364 649 455 694 vacas,
470 647 574 696 sequere
589 640 613 682 et
625 632 717 696 procul
730 634 807 696 audi,

61 721 123 783 qnid
139 721 206 770 ferat
219 729 243 770 et
256 737 307 784 qua
320 737 346 770 re
359 722 407 771 sibi
420 729 506 771 nectat
519 729 625 783 uterque
639 735 776 770 coronam.

61 810 195 859 caedimur
207 818 231 858 et
244 811 352 859 totidem
365 810 448 874 plagis
460 811 637 858 consumimus
650 808 750 857 hostem

60 898 131 946 lento
145 895 272 946 Samnites
285 899 317 945 ad
330 898 430 947 lumina
442 899 527 961 prima
539 898 639 947 duello.

63 987 167 1034 discedo
180 983 292 1034 Alcaeus
304 994 400 1049 puncto
413 987 499 1046 illius;
514 986 558 1035 ille
571 1000 627 1035 meo
642 985 716 1048 quis?

21 1080 47 1118 0⁰
64 1074 122 1138 quis
134 1074 184 1122 nisi
199 1071 392 1122 Callimachus?
411 1076 432 1124 si
444 1075 502 1140 plus
514 1075 652 1137 adposcere
665 1074 747 1133 visua,

61 1163 91 1210 fit
105 1162 275 1211 Mimnermus
287 1169 312 1210 et
325 1163 412 1225 optivo
426 1162 581 1225 cognomine
594 1163 700 1211 crescit.

60 1250 144 1299 multa
157 1250 228 1310 fero,
243 1258 272 1300 nt
284 1250 384 1313 placem
397 1265 476 1314 genus
488 1250 620 1300 inritabile
632 1256 735 1309 vatum,

60 1353 120 1387 cnm
133 1337 216 1386 scribo
230 1346 255 1386 et
266 1337 376 1401 supplex
388 1339 476 1402 populi
489 1338 613 1403 suffragia
625 1345 716 1400 capto:

60 1426 130 1474 idem
143 1425 221 1476 finitis
233 1426 322 1476 studiis
335 1435 360 1476 et
372 1437 456 1477 mente
468 1436 572 1491 recepta

20 1519 46 1559 οὑ
62 1515 181 1562 obturem
194 1513 294 1576 patulas
305 1515 402 1579 inpunc
414 1515 557 1580 legentibus
570 1517 652 1567 auris.

62 1603 178 1650 ridentur
191 1601 259 1649 mala
272 1602 316 1664 qui
330 1611 480 1666 conponunt
494 1605 622 1663 carmina3
637 1618 725 1653 verum

61 1689 176 1753 gaudent
188 1689 326 1738 scribentes
339 1698 364 1739 et
377 1703 403 1738 se
416 1697 568 1740 venerantur
580 1699 605 1740 et
616 1691 700 1750 ultro,

61 1779 83 1827 si
97 1786 197 1836 taceas,
213 1777 320 1826 laudant
333 1778 459 1840 quidquid
471 1778 593 1841 scripsere
606 1778 687 1826 beati.

63 1873 89 1914 at
103 1865 147 1928 qni
160 1865 303 1929 legitimum
316 1865 402 1929 cupiet
414 1865 504 1915 fecisse
516 1880 624 1929 poema,

22 1960 47 1998 ιο
62 1968 122 2002 cnm
134 1951 229 2002 tabulis
242 1954 359 2002 animum
371 1955 482 2003 censoris
494 1962 577 2002 sumet
588 1953 704 2012 honesti;

62 2041 169 2091 audebit
182 2055 358 2104 quaecumque
371 2057 462 2106 parum
475 2041 617 2104 splendoris
629 2040 762 2089 habebunt

63 2140 88 2178 et
100 2129 155 2178 sine
167 2129 279 2192 pondere
292 2138 367 2179 erunt
379 2138 403 2180 et
416 2131 515 2180 honore
527 2129 635 2191 indigna
648 2128 762 2178 serentur

61 2218 139 2266 verba
152 2231 252 2266 movere
265 2217 337 2278 loco,
352 2219 469 2280 quamvis
481 2217 564 2266 invita
576 2217 696 2267 recedant

62 2314 88 2355 et
99 2312 229 2354 versentur
241 2306 325 2354 adhuc
338 2306 405 2354 intra
418 2305 561 2370 penetralia
572 2305 680 2366 Vestae3

23 2399 47 2438 15
63 2395 198 2443 obscurata
211 2393 255 2440 diu
269 2394 367 2457 populo
380 2394 463 2442 bonus
476 2402 546 2444 eruet
558 2401 636 2457 atque

61 2481 176 2546 proferet
189 2481 216 2529 in
228 2481 314 2529 lucem
326 2482 441 2545 speciosa
453 2482 578 2532 vocabula
589 2497 690 2544 rerum,

62 2584 129 2633 quae
142 2569 233 2633 priscis
246 2577 388 2619 memorata
401 2569 543 2621 Catonibus
555 2580 633 2634 atque
646 2569 769 2630 Cethegis

58 2673 129 2707 nnnc
141 2658 206 2708 situs
217 2657 339 2711 informis
351 2661 453 2728 premit
464 2669 492 2714 et
503 2661 612 2712 deserta
619 2663 761 2706 resumas-s
