1770 2984
348 385 379 462 o.
394 384 531 452 norim
550 385 668 450 amco

238 532 259 622 S
297 536 329 620 A
366 533 392 620 T
428 532 445 620 Ι
481 533 512 621 R
548 531 578 620 l
616 533 647 621 R
683 533 712 622 U
747 532 782 621 ll
860 584 864 592 -

395 735 488 775 meme
502 735 624 776 PRIMUS.

495 896 520 948 1.

137 1055 188 1116 Qui
201 1057 243 1117 fit,
257 1057 409 1116 Maecenas,
424 1064 453 1105 ut
466 1070 555 1115 nem0‚
571 1070 649 1118 quarn
661 1056 709 1104 sibi
723 1064 819 1106 sortem

136 1160 179 1193 seu
193 1146 259 1194 ratio
274 1146 370 1194 dederit
382 1159 426 1194 seu
439 1144 493 1193 fors
506 1144 644 1207 obiecerit,
659 1145 706 1194 illa

136 1241 271 1282 contentus
284 1234 366 1293 vivat,
382 1233 469 1282 laudet
482 1233 582 1282 diversa
594 1232 741 1295 sequentis?

135 1316 163 1368 ‘o
178 1322 303 1371 fortunati
315 1322 482 1371 mercatores'
493 1321 578 1384 gravis
590 1321 663 1369 annis

138 1409 211 1458 miles
225 1410 262 1458 ait
275 1410 355 1458 multo
368 1410 422 1457 iam
435 1409 531 1459 fractus
544 1410 659 1458 membro
671 1408 772 1457 labore.

138 1506 228 1546 contra
241 1506 367 1546 mercator
379 1498 467 1547 navim
480 1497 635 1547 iactantibus
647 1497 741 1546 austrie

136 1577 244 1634 ‘militia
256 1593 294 1634 est
306 1586 405 1649 potior.
430 1587 492 1649 quid
505 1586 591 1635 enim?
610 1586 784 1635 concurritur:
803 1587 883 1636 hora

139 1680 270 1722 momento
283 1674 334 1721 cita
347 1688 416 1722 mors
428 1674 498 1723 venit
511 1682 556 1723 aut
567 1675 676 1724 victoria
688 1675 756 1724 laeta
764 1665 781 1722 .'

139 1763 279 1827 agricolam
291 1762 381 1810 laudat
393 1763 456 1811 iuris
468 1763 605 1826 legumque
617 1764 726 1825 peritus,

139 1853 184 1900 sub
199 1851 261 1916 galli
274 1858 378 1899 cantum
391 1851 522 1899 consultor
535 1852 580 1899 ubi
593 1852 659 1899 ostia
670 1851 769 1914 pulsat.

139 1941 194 2000 illc,
210 1941 277 1988 datis
289 1939 395 1987 vadibus
409 1941 454 2001 qui
466 1955 525 1988 rure
538 1947 665 1988 extractus
678 1940 706 1987 in
718 1937 849 2001 urbemst,

139 2030 206 2076 solos
219 2028 302 2076 felicis
314 2027 420 2075 viventis
433 2028 527 2076 clamat
538 2029 566 2076 in
579 2028 655 2077 urbe.

139 2125 223 2164 cetera
236 2116 267 2164 de
279 2130 372 2178 genere
385 2115 450 2176 hoc,
466 2116 530 2166 adeo
543 2125 601 2165 sunt
612 2116 707 2176 multa,
722 2116 863 2179 loquacem

140 2204 265 2252 delassare
277 2202 363 2251 valent
375 2203 499 2252 Fabium.
526 2220 558 2253 ne
571 2212 596 2253 te
609 2219 706 2264 morer,
722 2205 784 2253 audi

141 2307 191 2354 quo
205 2306 257 2338 rem
272 2291 409 2338 deducam.
438 2291 458 2338 si
473 2292 529 2353 quis
542 2293 603 2341 deus
615 2292 656 2341 ‘en
670 2283 726 2356 ego'
738 2293 809 2343 dicat

139 2381 205 2427 ‘iam
218 2379 314 2426 faciam
327 2378 395 2440 quod
409 2378 499 2427 voltis:
527 2381 576 2428 eris
589 2388 632 2441 tu,
651 2380 696 2442 qui
709 2380 788 2429 modo
801 2383 873 2433 mila:

140 2475 280 2527 mercator3
303 2474 343 2526 tu,
360 2467 489 2515 consultus
502 2468 590 2529 modo,
604 2470 727 2518 rusticus:
748 2469 811 2519 hinc
824 2486 872 2522 vor

140 2571 183 2605 vos
197 2556 257 2604 hinc
271 2555 374 2604 mutatis
388 2555 510 2604 discedite
523 2557 650 2618 partibus.
679 2557 732 2608 eia.
