1770 2984
265 183 446 228 §armanum
460 186 553 229 LIBER
568 189 603 228 11.
754 196 804 244 227

58 347 135 394 verba
148 362 193 410 per
206 355 332 396 attentam
345 362 398 396 non
410 349 485 397 ibunt
498 347 614 398 Caesaris
628 366 731 413 aurern,

10 446 30 483 tc
60 436 101 482 cui
115 436 182 484 mala
195 436 216 483 si
229 437 348 499 palpare,
363 437 508 487 recalcitrat
520 439 634 502 undique
647 449 731 490 tutus.

57 525 165 586 ‘quanto
178 524 272 573 rectius
286 525 336 573 hoc
350 540 428 587 quam
440 527 508 575 tristi
521 527 621 578 laedere
634 543 707 578 versu

58 612 233 661 Pantolabum
246 628 362 662 scurram
374 614 618 678 Nomentanumque
630 625 767 680 nepotem,

58 714 118 747 cum
131 700 179 749 sibi
193 703 301 764 quisquc
314 702 402 764 timet,
418 718 576 765 quamquam
590 712 627 753 est
639 705 765 767 intactus,
781 715 805 755 et

432 791 487 840 odit
495 780 511 839 .’

59 880 121 941 quid
135 879 251 928 faciam?
271 880 347 930 saltat
360 881 501 941 Milonius,
516 874 545 929 rit
558 880 635 930 semel
647 881 698 930 icto

59 969 165 1017 accessit
177 969 263 1018 fervor
277 970 356 1033 capiti
368 983 542 1032 numerusque
554 969 678 1030 lucernis3

59 1056 152 1106 Castor
163 1059 257 1121 gaudet
270 1059 359 1121 equis,
375 1072 424 1106 ovo
437 1065 580 1121 prognatus
594 1058 684 1106 eodem

59 1147 166 1210 pugnis;
188 1154 252 1209 quot
265 1147 380 1210 capitum
393 1146 495 1205 vivunt,
510 1145 619 1195 totidem
631 1146 776 1195 studiorum

58 1234 147 1282 milia:
169 1251 211 1284 mc
224 1235 334 1299 pedibus
347 1235 458 1284 delectat
471 1235 590 1284 claudere
603 1234 681 1283 verba

58 1323 144 1372 Lucili
157 1324 225 1383 ritu,
239 1332 356 1373 nostrum
369 1324 482 1374 melioris
494 1331 617 1384 utroque.

10 1422 13 1452 ι
60 1411 102 1460 ille
115 1412 184 1460 velut
197 1412 253 1461 fidis
266 1426 361 1462 arcana
373 1411 505 1462 sodalibus
518 1411 581 1460 olim

58 1500 177 1550 credebat
191 1500 278 1561 libris,
294 1516 376 1564 neque
389 1501 490 1550 simale
503 1507 614 1550 cesserat
626 1514 736 1562 usquam

58 1591 195 1638 decurrens
207 1589 259 1638 alio
271 1604 355 1652 nequa
368 1591 389 1639 si
402 1590 482 1640 bene:
504 1603 556 1651 quo
569 1589 597 1637 fit
609 1596 638 1637 ut
651 1588 735 1637 omnis

57 1679 144 1727 votiva
156 1686 244 1740 pateat
256 1679 333 1727 veluti
346 1679 472 1740 descripta
485 1677 580 1726 tabella

58 1769 110 1815 vita
123 1767 201 1815 senis.
229 1781 321 1829 sequor
333 1766 416 1825 bunc,
433 1765 554 1814 Lucanus
567 1779 601 1814 an
613 1762 733 1826 Appulus
746 1775 856 1827 anceps:

58 1871 119 1903 nam
132 1855 280 1904 Venusinus
293 1863 350 1905 arat
362 1855 440 1903 finem
453 1854 499 1903 sub
512 1861 649 1914 utrumqne
662 1850 785 1910 colonus,

57 1946 149 1992 missus
162 1945 194 1992 ad
208 1945 273 2004 boc,
287 1944 382 2007 pulsis,
397 1952 469 1992 vetus
482 1948 560 1991 estut
572 1940 661 2000 sama,
676 1938 800 1998 Sabellis,

57 2047 109 2096 quo
122 2047 154 2081 nc
168 2014 335 2096 pervacuum
348 2032 467 2081 Romano
481 2031 622 2079 incurreret
635 2028 733 2088 hostis,

57 2124 109 2170 sive
123 2122 192 2184 quod
207 2121 313 2185 Appula
327 2136 388 2184 gens
402 2135 445 2171 seu
459 2114 529 2182 quod
541 2118 660 2166 Lucania
672 2115 770 2166 bellum

58 2212 185 2282 incuteret
196 2211 324 2262 violenta.
353 2210 397 2259 sed
410 2209 454 2259 hic
467 2207 540 2257 stilus
552 2205 622 2283 baud
636 2211 704 2268 petet
716 2204 786 2253 ultro

59 2314 216 2361 quemquam
229 2300 388 2349 animantem
401 2306 426 2348 et
438 2310 480 2346 mc
491 2295 571 2345 veluti
584 2293 711 2343 custodiet
723 2291 789 2342 ensis

56 2388 150 2452 vagina
163 2397 259 2438 tectus:
282 2402 357 2449 quem
371 2402 416 2435 cur
428 2385 586 2449 destringere
598 2395 676 2432 coner

57 2484 126 2526 tutus
139 2475 172 2525 ab
186 2477 287 2526 infestis
299 2474 462 2525 latronibus?
482 2489 498 2523 o
511 2481 584 2537 pater
597 2478 622 2520 et
635 2484 682 2518 rex

55 2564 188 2628 Iuppiter,
202 2573 231 2614 ut
244 2572 332 2629 pereat
344 2565 456 2628 positum
469 2561 589 2626 robigine
601 2559 697 2618 telum,

55 2669 102 2704 nec
116 2655 253 2718 quisquam
266 2661 360 2703 noceat
373 2653 467 2716 cupido
479 2652 544 2702 mihi
556 2647 642 2714 pacisl
664 2644 747 2695 atille

662 2745 710 2784 ie*
