1784 3000
118 180 168 228 232
401 174 580 218 sarmitum

119 338 191 386 ouius
205 338 310 386 odorem
323 337 375 387 olei
387 352 499 401 nequeas
512 336 641 401 perferre,
657 336 746 386 licebit

67 433 91 470 oo
119 424 164 474 ille
176 425 277 487 repotia
289 425 383 474 natalis
397 424 493 475 aliosve
507 425 606 474 dierum

120 513 197 562 festos
209 512 311 562 albatus
325 512 450 574 celebret,
465 527 547 562 cornu
559 514 613 576 ipse
626 510 713 561 bilibri

121 601 237 650 caulibus
249 601 373 661 instillat,
387 601 478 651 veteris
490 616 544 650 non
556 616 648 664 parcus
661 600 741 649 aceti.

121 688 192 752 quali
205 689 286 753 igitur
298 690 367 740 victu
381 691 482 754 sapiens
496 696 581 740 utetur
594 697 619 739 et
632 689 726 737 horum

121 786 209 828 utrum
221 777 384 828 imitabitur?
402 779 453 829 hac
465 786 558 842 urguet
569 777 660 841 lupus,
674 777 724 826 hac
737 776 822 838 canis,
836 777 881 826 aiu

70 872 94 911 ot
123 867 233 916 mundus
246 866 294 916 erit
307 883 359 930 qua
371 882 425 917 non
438 867 552 917 offendat
564 865 682 915 sordibus
696 874 774 928 atque

122 956 150 1004 in
161 964 280 1005 neutram
293 965 394 1019 partem
407 956 490 1005 cultus
503 956 596 1006 miser.
622 954 665 1003 hic
678 967 762 1017 neque
775 955 870 1016 servis,

123 1043 214 1093 Albuti
226 1043 291 1093 senis
304 1044 439 1108 exemplo,
454 1045 517 1093 dum
529 1042 619 1092 munia
632 1041 697 1091 didit

124 1147 211 1182 saevus
224 1131 286 1192 erit;
308 1146 355 1182 nec
368 1132 405 1182 sic
418 1140 447 1182 ut
458 1131 568 1196 simplex
581 1130 692 1180 Naevius
705 1138 812 1179 unctam

125 1221 239 1270 convivis
269 1219 405 1284 praebebit
433 1235 543 1284 aquam:
576 1219 669 1268 vitium
693 1219 743 1267 hoc
768 1233 873 1282 quoque

496 1323 632 1372 magnum.

73 1403 99 1442 to
127 1397 216 1458 accipe
227 1410 312 1456 nunc,
326 1395 408 1445 vietus
419 1396 504 1445 tenuis
516 1410 582 1458 quae
595 1402 744 1458 quantaque
757 1409 844 1444 seeum

127 1483 241 1533 adferat.
268 1483 296 1531 in
308 1482 397 1545 primis
410 1482 495 1532 valcas
508 1484 586 1532 bene.
614 1498 675 1531 nam
688 1484 775 1534 variae
787 1498 827 1533 res

126 1580 156 1622 ut
168 1579 279 1621 noceant
291 1571 393 1620 homini
406 1571 508 1631 credas,
523 1585 623 1620 mernor
635 1572 704 1622 illius
717 1587 791 1622 escae
872 1633 874 1638 Ι

129 1674 195 1722 quae
207 1658 317 1722 simplex
330 1658 394 1707 olim
406 1659 454 1708 tibi
467 1659 574 1709 sederit:
596 1668 623 1709 at
635 1660 711 1709 simul
725 1661 786 1710 assis

129 1747 262 1798 miscueris
274 1746 356 1810 elixa,
371 1747 447 1796 simul
461 1748 596 1812 conchylia
609 1749 703 1810 turdis,

77 1844 102 1883 tt
131 1837 215 1887 dulcia
227 1851 253 1887 se
265 1836 292 1885 in
305 1835 385 1885 bilem
397 1845 496 1887 vertent
507 1837 693 1899 stomachoque
706 1837 849 1886 tumultum

130 1927 201 1977 lenta
214 1925 278 1976 feret
290 1925 397 1988 pituita.
424 1925 494 1975 vides
507 1932 535 1975 ut
548 1925 660 1989 pallidus
673 1924 757 1973 omnis

132 2030 195 2064 cena
208 2016 329 2078 desurgat
341 2013 438 2062 dubia?
458 2014 521 2077 quin
534 2029 627 2078 corpus
640 2020 761 2062 onustum

133 2104 256 2153 hesternis
269 2102 337 2152 vitiis
349 2102 466 2151 animum
479 2117 582 2166 quoque
595 2109 748 2167 praegravat
760 2115 812 2150 una

134 2200 211 2254 atque
224 2190 313 2254 adfigit
325 2190 405 2238 humo
418 2190 522 2240 divinae
534 2191 688 2254 particulam
701 2204 791 2238 aurae.

82 2288 106 2326 eo
135 2280 213 2340 alter,
226 2279 272 2327 ubi
284 2279 353 2328 dicto
367 2278 444 2327 citius
457 2286 547 2328 curata
559 2279 647 2343 sopori

135 2367 251 2417 membra
262 2365 345 2427 dedit,
361 2375 464 2430 vegetus
475 2367 631 2431 praescripta
642 2368 675 2416 ad
685 2367 775 2416 munia
784 2366 878 2431 surgit.

135 2456 178 2504 hic
190 2463 278 2521 tamen
291 2453 323 2502 ad
337 2453 429 2502 melius
442 2454 536 2517 poterit
547 2463 719 2505 transcurrere
732 2456 880 2519 quondam,

132 2543 187 2591 sire
200 2544 269 2593 diem
276 2525 319 2595 *fes
390 2542 490 2592 rediens
503 2544 635 2593 advexerit
648 2559 743 2603 annus,

113 2641 162 2675 serr
176 2647 299 2688 recreare
313 2640 372 2693 vole
399 2641 540 2686 tenuatum
551 2648 662 2698 corpus,
672 2631 771 2693 aliique
