1770 2984
115 169 166 218 248
400 162 582 204 sarraaaon

116 328 196 391 longa
210 327 302 389 quibus
314 326 393 376 facies
407 326 461 375 ovis
475 326 535 384 erit,
552 325 597 374 illa
611 334 766 388 memento,

116 423 144 464 at
157 415 210 464 suci
224 414 338 463 melioris
351 421 376 462 et
391 415 514 479 armagis
527 415 587 463 alba
598 414 739 476 rotandis,

116 518 227 568 ponere:
249 517 361 565 namque
379 517 477 552 marem
489 502 612 552 cohihent
625 501 726 552 callosa
738 503 871 554 vitellum.

64 602 90 639 ro
120 592 192 641 caule
205 591 354 640 suburbano
368 591 412 653 qui
424 591 499 640 siccis
511 592 591 640 crevit
602 591 631 640 in
644 591 717 655 agris

118 681 235 730 dulcior:
256 679 360 742 inriguo
373 678 440 726 nihil
453 687 491 728 est
503 678 594 729 elutius
607 679 702 731 horto.

118 772 139 818 si
153 769 308 833 vespertinus
321 767 405 816 subito
419 774 444 816 te
456 768 609 831 oppresserit
619 767 731 830 hospes,

118 874 150 907 ne
164 857 262 922 gallina
274 855 373 903 malum
384 864 514 919 responset
525 855 591 904 dura
601 855 706 920 palato,

120 947 210 994 doctus
223 945 271 993 eris
283 944 368 993 vivam
381 950 465 992 masto
478 957 591 994 mersare
603 943 731 993 Falerno:

67 1043 92 1080 ao
120 1035 171 1082 hoc
184 1043 299 1082 teneram
312 1030 406 1080 faciet.
434 1031 598 1094 pratensibus
611 1031 713 1096 optima
725 1031 823 1099 sangis

118 1131 211 1171 natura
224 1129 275 1182 est,
290 1118 348 1168 aliis
360 1119 427 1168 male
440 1120 569 1172 creditur.
594 1119 637 1170 ille
650 1118 769 1170 salubris

120 1218 228 1259 aestates
240 1215 344 1272 peraget
357 1208 403 1271 qui
416 1207 496 1272 nigris
509 1208 618 1272 prandia
630 1208 712 1257 moris

121 1299 207 1358 finiet,
223 1307 281 1347 ante
293 1311 399 1360 gravem
412 1310 479 1359 qaae
492 1295 583 1360 legerit
595 1295 689 1346 arbore
702 1297 808 1352 solem.

122 1385 242 1434 Aufidius
255 1384 317 1433 forti
330 1384 454 1434 miscebat
466 1385 545 1433 mella
557 1383 686 1432 Falerno:

70 1483 94 1520 as
122 1474 259 1532 mendose;
282 1474 406 1535 quoniam
419 1473 506 1522 vacuis
518 1472 668 1521 conmittere
682 1474 761 1526 venis

123 1563 160 1610 nil
173 1561 224 1611 nisi
236 1561 292 1610 lene
306 1562 392 1611 decet:
414 1561 466 1610 leni
478 1560 630 1624 praecordio
643 1561 731 1610 malso

123 1651 249 1714 prolueris
262 1649 368 1699 melius.
382 1650 405 1698 si
418 1651 483 1699 dura
496 1648 640 1698 morabitur·
652 1649 745 1711 alvus,

125 1740 230 1789 mitulus
243 1748 267 1788 ot
279 1738 340 1788 viles
352 1738 447 1802 pellent
460 1738 589 1786 obstantia
603 1737 720 1786 conchae

127 1838 151 1879 et
164 1829 264 1892 lapathi
276 1827 358 1876 brevis
372 1826 467 1887 herba,
482 1827 526 1876 sed
540 1825 600 1875 albo
612 1840 665 1874 non
678 1826 737 1876 sine
751 1826 826 1884 Coo.

73 1926 98 1964 ao
126 1918 226 1967 lubrica
238 1922 369 1965 nascentes
382 1915 483 1978 inplent
495 1914 631 1978 conchylia
643 1914 735 1964 lunae:

127 2008 170 2056 sed
184 2021 237 2055 non
251 2018 327 2054 omne
341 2019 411 2053 mare
424 2011 460 2053 est
472 2017 612 2067 generosae
625 2002 710 2053 fertile
724 2011 831 2056 testae:

128 2095 225 2144 murice
237 2093 340 2142 Baiano
353 2091 445 2141 melior
456 2091 571 2140 Lucrina
583 2091 694 2155 peloris,

129 2193 212 2232 ostrea
226 2180 348 2242 Circeiis,
363 2181 462 2230 Miseno
474 2180 591 2229 oriuntur
604 2179 708 2241 echini,

129 2269 274 2334 pectinibus
287 2269 381 2331 patulis
393 2269 474 2319 iactat
485 2283 511 2317 se
523 2268 601 2318 molle
615 2267 780 2321 Tarentum.

77 2368 102 2407 35
131 2372 177 2407 nec
192 2357 241 2405 sihi
255 2371 377 2404 cenarum
391 2357 474 2419 quivis
487 2365 581 2406 temere
594 2357 701 2420 adroget
714 2365 821 2422 artem,

131 2461 182 2494 non
196 2445 267 2507 prius
279 2451 371 2491 exacta
384 2445 455 2492 tenni
468 2446 570 2494 ratione
581 2458 716 2507 saporam.

131 2550 179 2582 nec
192 2533 252 2581 satis
265 2539 301 2580 est
313 2545 373 2579 cara
385 2516 465 2594 piscis
474 2547 590 2581 averrere
602 2546 690 2580 mensa

132 2624 250 2689 ignarum
265 2618 359 2682 quibus
373 2631 408 2669 est
422 2621 461 2669 ius
474 2621 559 2684 aptius
572 2628 597 2669 ot
610 2619 703 2682 quibus
717 2621 783 2670 assis
