1770 2984
120 196 171 247 328
386 191 605 235 nersrunsnms

119 371 189 405 nuno
201 371 285 420 prece,
300 370 367 406 nuno
380 356 473 420 pretio,
487 370 556 404 nunc
569 357 605 417 vi,
619 370 691 406 nuno
704 362 783 405 morte
792 350 862 416 supr*

120 452 247 508 permutet
259 444 379 494 dominos
391 452 417 495 et
428 445 501 494 cedat
512 444 541 492 in
554 443 635 494 altera
648 443 721 494 iura.

65 541 103 578 175
120 534 157 581 sio
171 533 232 595 quia
245 541 382 596 perpetuus
393 533 459 582 nulli
471 533 546 582 datur
558 547 618 581 usus
631 541 657 582 et
669 533 744 582 heres

118 621 240 670 heredem
253 620 358 671 alterins
369 621 439 670 velut
450 619 520 670 unda
532 621 680 683 supervenit
692 621 800 681 undam,

119 711 180 771 quid
194 710 243 759 vioi
257 718 366 773 prosunt
378 717 423 759 aut
435 711 543 770 horrea,
559 708 654 770 quidve
667 707 785 759 Calabris

119 799 224 847 saltibus
237 799 330 848 adiecti
343 796 460 858 Lucani,
474 798 495 847 si
508 797 582 846 metit
593 794 676 846 Orcus

120 886 227 950 grandia
240 901 299 935 cum
312 887 412 949 parvis,
427 899 482 934 non
494 883 634 934 exorabilis
647 885 732 934 auro?

67 982 105 1020 180
123 988 252 1038 gemmus,
266 988 395 1035 marmor,
410 974 487 1032 ebur,
503 973 638 1037 Tyrrhena
650 973 752 1036 sigilla,
765 971 862 1029 tabellas,

119 1070 270 1126 argentum,
285 1062 360 1111 vestis
373 1059 484 1111 Gaetulo
498 1061 595 1111 murice
607 1061 718 1124 ductas,

119 1160 178 1200 suut
190 1151 234 1213 qui
246 1165 299 1199 non
312 1151 440 1211 habeant,
455 1159 492 1201 est
505 1150 550 1212 qni
562 1164 616 1200 non
629 1159 702 1200 curat
716 1150 824 1201 habere.

120 1255 164 1288 eur
177 1238 240 1289 alter
252 1239 362 1288 fratrum
375 1252 474 1288 cessare
487 1246 512 1288 et
523 1238 611 1288 ludere
624 1246 650 1289 et
662 1240 747 1302 ungui

119 1327 249 1390 praeferet
260 1326 373 1376 Herodis
386 1327 505 1390 palmetis
517 1326 672 1391 pinguibus,
688 1328 755 1378 alter

67 1423 104 1461 185
121 1416 189 1464 dives
202 1423 227 1465 et
238 1416 394 1479 inportunus
406 1415 439 1464 ad
451 1415 570 1486 umbram
582 1415 647 1464 lucis
659 1415 693 1464 ab
707 1422 766 1465 ortu

119 1503 259 1552 silvestrem
271 1503 380 1552 flammis
393 1510 418 1553 et
431 1503 499 1554 ferro
513 1503 614 1568 mitiget
626 1519 734 1568 agrum,

119 1592 166 1642 scit
180 1589 293 1654 Genius,
309 1593 396 1642 natale
410 1607 496 1642 comes
508 1593 553 1654 qni
566 1600 693 1656 temperet
706 1600 820 1652 astrum,

119 1690 225 1730 naturae
238 1681 299 1730 deus
312 1682 458 1743 humanae,
472 1681 590 1731 mortalis
601 1680 629 1729 in
642 1697 723 1730 unum

121 1771 240 1833 quodque
253 1777 347 1834 caput,
361 1771 432 1820 voltu
444 1770 590 1829 mutabilis,
606 1769 682 1818 albus
695 1778 720 1819 et
735 1780 804 1822 uter.

67 1866 105 1903 190
121 1868 215 1908 uteret
228 1873 261 1907 ex
272 1859 376 1907 modico
390 1866 516 1920 quantum
529 1873 568 1907 res
580 1866 668 1921 poscet
680 1873 773 1908 acervo

119 1947 225 2008 tollam,
240 1962 288 1996 neo
300 1955 415 1996 metuam
428 1948 491 2010 quid
505 1948 536 1996 de
549 1961 590 1995 me
603 1947 700 1996 iudicet
712 1948 801 2004 heres,

121 2036 189 2097 quod
203 2049 256 2083 non
269 2035 344 2098 plura
358 2035 423 2084 datis
435 2035 573 2085 invenerit:
590 2042 714 2084 ettamen
727 2035 796 2084 idem

120 2125 184 2172 scire
196 2123 297 2184 volem,
313 2132 439 2186 quamtum
453 2124 564 2186 simplex
576 2123 717 2184 hilarisque
729 2125 819 2187 nepoti

120 2211 245 2274 discrepet
258 2219 282 2261 et
296 2221 423 2274 quantum
436 2212 563 2261 discordet
576 2226 667 2275 parcus
680 2226 775 2260 avaro.

68 2304 105 2342 rot
123 2299 200 2346 distat
212 2299 296 2358 enim,
312 2314 416 2364 spargas
428 2309 473 2350 tua
484 2300 606 2364 prodigus
619 2314 652 2349 on
664 2314 749 2361 neque
761 2309 862 2364 sumptu

120 2386 213 2435 invitus
226 2386 308 2434 iscius
322 2402 406 2450 noque
420 2389 494 2451 plura
506 2403 597 2452 parare
611 2388 726 2449 labores,

121 2490 150 2523 uc
163 2474 264 2538 potius,
280 2487 343 2536 puer
356 2484 384 2525 ut
397 2476 467 2525 festis
480 2477 678 2540 quinquatribus
691 2476 769 2539 olim,

121 2564 216 2628 exiguo
230 2569 354 2627 gratoque
367 2562 461 2612 frueris
475 2572 591 2627 tempore
604 2566 713 2628 raptim.

112 2652 256 2718 pauperies
268 2651 394 2702 inmundo
407 2653 499 2717 procul
511 2653 603 2716 procul
616 2653 694 2701 ubsit:
715 2667 763 2716 ego
777 2663 862 2705 utrum
