1770 2984
112 198 164 245 230
396 188 574 231 SATIRARUM

112 370 201 425 rerum
213 355 256 402 hie
268 353 385 417 inpransi
398 367 498 402 meeum
511 352 664 413 disquirite.
693 353 755 403 ‘eur
769 354 852 404 hoei'

114 444 212 501 dicam,
229 444 250 490 si
263 450 368 506 potero.
394 441 461 490 male
474 455 562 490 verum
576 441 716 490 examinat
732 445 824 494 omnia

114 538 248 592 corruptus
262 529 356 578 iudex.
384 529 498 592 leporem
511 537 620 578 sectatus
633 544 741 592 equove

61 628 86 666 10
114 619 194 666 lassus
207 619 240 666 ab
253 618 381 668 indomito
396 619 451 679 vel,
465 619 486 668 ai
499 617 618 667 Romana
632 617 733 681 fatigat

114 707 209 757 militia
221 709 355 757 adsuetum
366 707 497 771 graecari,
512 721 556 757 seu
569 707 624 770 pila
636 707 719 756 velox

116 796 228 845 molliter
241 805 371 846 austerum
383 797 467 845 studio
480 795 585 845 fallente
597 795 739 858 laborem,

116 899 160 933 seu
173 894 197 934 te
211 887 294 935 discus
307 885 362 949 agit
373 883 442 949 (pete
454 884 586 934 cedentem
598 898 659 933 aera
673 885 783 952 diaeo),

116 987 175 1020 eum
187 972 261 1021 labor
273 973 402 1023 extuderit
415 972 534 1032 fastidia,
550 973 648 1032 siccus,
664 958 759 1024 inania

63 1069 88 1108 15
116 1077 206 1124 sperne
219 1061 305 1111 eibum
319 1061 411 1110 vilem:
434 1062 484 1111 nisi
497 1061 629 1125 Hymettia
641 1061 725 1110 mella
740 1065 857 1115 Falerno

116 1165 148 1198 ne
161 1149 257 1199 biberis
271 1151 365 1200 diluta.
394 1151 456 1199 foria
470 1158 508 1200 est
519 1163 624 1213 promus
637 1157 662 1199 et
677 1159 771 1202 atrum

116 1239 255 1288 defendens
268 1240 346 1302 piscis
358 1239 457 1288 hiemat
469 1253 554 1288 mare:
577 1253 638 1288 eum
651 1238 706 1289 sale
722 1245 805 1304 panis

115 1325 252 1376 latrantem
265 1327 428 1377 stomachum
440 1328 504 1376 bene
517 1327 610 1378 leniet.
637 1328 707 1377 unde
723 1340 806 1392 putas
820 1341 867 1383 aut

118 1417 161 1476 qui
174 1417 295 1478 partum?
314 1432 366 1465 non
380 1418 406 1464 in
420 1430 480 1465 earo
493 1415 583 1464 nidore
596 1415 718 1478 voluptas

61 1514 89 1552 tto
117 1517 233 1566 summa,
248 1507 290 1556 sed
303 1507 331 1555 in
344 1513 368 1554 te
381 1505 437 1568 ipso
451 1512 504 1555 eat.
530 1511 557 1553 tu
571 1503 750 1567 pulmentaria
765 1522 867 1569 quaere

116 1593 248 1642 sudando:
271 1595 393 1658 pinguem
405 1594 472 1642 vitiis
486 1593 627 1655 albumque
640 1607 729 1655 neque
742 1604 835 1646 ostrea

116 1697 164 1730 nee
178 1698 264 1731 scarus
278 1692 322 1731 aut
335 1683 430 1746 poterit
442 1681 578 1746 peregrina
591 1681 679 1729 iuvare
692 1681 795 1744 lagois.

116 1772 160 1818 vix
173 1782 258 1821 tamen
272 1772 396 1834 eripiam,
411 1772 495 1834 posito
509 1784 610 1833 pavone
623 1769 686 1819 velis
698 1771 764 1831 quin

117 1861 167 1908 hoe
180 1861 265 1923 potius
279 1874 357 1921 quarn
370 1859 468 1922 gallina
480 1867 576 1923 tergere
588 1859 717 1922 palatum,

64 1962 89 2000 25
118 1959 250 2014 corruptus
263 1948 335 1996 vanis
347 1962 447 2007 rerum3
470 1949 531 2010 quia
543 1956 634 1997 veneat
647 1959 707 1995 auro

117 2056 176 2087 rara
189 2039 242 2087 avis
257 2046 281 2086 et
293 2037 364 2101 pieta
376 2038 472 2099 pandat
485 2036 633 2099 spectacula
646 2035 744 2085 cauda:

117 2137 251 2189 tamquam
264 2128 296 2174 ad
309 2141 363 2175 rem
376 2126 484 2174 attineat
497 2125 651 2187 quiequam.
672 2138 736 2172 nuru
749 2126 882 2175 vesceriai

117 2230 196 2275 quam
210 2216 301 2263 laudas
314 2214 420 2277 pluma?
440 2220 513 2262 coeto
527 2228 589 2260 num
602 2213 673 2260 adest
685 2211 774 2260 honor
788 2213 877 2263 idem?

118 2318 194 2350 carne
207 2310 295 2352 tamen
308 2302 425 2364 quamvis
439 2303 516 2351 distat
527 2301 593 2349 nihil
606 2300 655 2349 hae
668 2300 754 2361 magis
768 2301 837 2362 illa,

63 2406 91 2444 30
118 2390 250 2452 inparibus
263 2390 353 2438 formis
366 2391 502 2453 deceptum
515 2398 539 2438 te
552 2397 637 2453 patet.
666 2398 734 2438 esto.

118 2479 185 2526 unde
199 2479 288 2527 datum
301 2479 395 2539 sentia,
411 2479 486 2542 lupus
498 2479 542 2527 hie
554 2477 692 2526 Tiberinus
704 2491 738 2525 an
752 2478 811 2528 alto

119 2576 208 2629 eaptus
221 2567 288 2627 hiet⁷
304 2567 422 2629 pontisne
435 2567 501 2616 inter
514 2568 623 2616 iactatus
636 2580 670 2614 an
683 2567 768 2614 amnis

116 2656 183 2706 ostia
196 2656 243 2708 sub
259 2655 354 2708 Tusci?
373 2656 480 2716 laudas,
493 2657 599 2714 insane,
614 2653 741 2702 trilibrem
