1784 3000
366 196 459 236 ursan
474 196 497 234 1.
751 199 801 248 215

57 373 111 407 non
124 358 203 407 aliam
217 358 249 406 ob
264 372 367 406 causam
380 359 430 408 nisi
444 359 513 421 quod
527 359 606 407 virtus
619 359 645 406 in
659 365 767 420 utroque

9 455 26 493 ‚s
56 462 156 496 summa
169 446 232 494 fnit:
248 446 299 494 duo
313 447 334 494 si
348 447 475 496 discordia
487 454 562 496 vexet
574 447 661 496 inertis

57 544 103 584 aut
115 536 136 584 si
149 534 292 598 disparibus
306 534 399 583 bellum
412 536 524 596 incidat,
540 543 569 583 ut
581 535 701 585 Diomedi

57 638 117 672 cum
130 623 210 688 Lycio
224 621 340 681 Glauco,
355 623 469 673 discedat
481 624 594 687 pigrior,
611 624 679 674 ultro

56 711 206 760 muneribus
219 709 329 773 missis),
343 711 424 759 Bruto
438 719 555 774 praetore
568 705 670 761 tenente

58 799 138 848 ditem
150 798 243 847 Asiam
256 798 343 861 Rupili
357 805 381 846 et
394 797 464 847 Persi
477 813 524 862 par
537 807 635 863 pugnat
647 801 685 849 uti
697 813 750 848 non

9 896 28 933 ro
57 887 220 950 conpositum
233 887 324 935 melius
337 900 396 934 cum
408 885 487 934 Bitho
499 887 641 937 Bacchius.
668 888 696 937 in
707 887 747 935 ins

57 991 127 1025 acres
140 982 308 1038 procurrunt,
322 988 445 1038 magnum
457 976 632 1037 spectaculum
645 983 765 1038 uterque.

56 1065 159 1113 Persius
172 1063 280 1126 exponit
293 1076 411 1121 causam3
427 1063 526 1113 ridetur
539 1064 572 1112 ab
586 1065 657 1112 omni

57 1158 199 1205 conventu3
214 1151 302 1200 laudat
314 1151 423 1199 Brutum
436 1150 576 1214 laudatque
589 1153 736 1210 cohortem,

57 1240 136 1288 solem
149 1239 227 1287 Asiae
240 1239 349 1287 Brutum
364 1238 477 1301 adpellat
490 1239 623 1302 stellasque
635 1239 744 1289 salubris

10 1337 29 1377 re
58 1327 170 1390 adpellat
183 1328 302 1386 comites,
318 1335 426 1389 excepto
439 1326 523 1392 Rege3
539 1343 630 1378 canem
641 1327 729 1388 illum,

57 1416 168 1464 invisum
181 1414 301 1477 agricolis
315 1415 400 1476 sidus,
415 1416 528 1465 venisse:
543 1417 633 1465 ruebat

56 1505 151 1553 flumen
163 1511 192 1551 ut
204 1502 355 1563 hibernum,
370 1503 452 1554 fertur
465 1519 515 1567 quo
529 1519 588 1554 rara
600 1505 707 1555 securis.

57 1600 112 1641 tum
124 1592 303 1640 Praenestinus
315 1591 382 1640 salso
394 1592 527 1655 multoque
539 1592 628 1642 liuenti

58 1694 177 1743 expressa
191 1678 294 1728 arbusto
307 1679 400 1742 regerit
413 1679 545 1740 convicia,
561 1680 639 1728 durus

10 1777 31 1815 30
58 1768 229 1817 vindemiator
242 1773 267 1814 et
279 1766 403 1826 invictus,
419 1766 461 1814 cui
474 1781 550 1830 saepe
562 1768 646 1815 viator

58 1857 171 1907 cessisset
184 1869 279 1918 magna
292 1853 443 1916 conpellans
455 1866 518 1902 voce
530 1853 662 1902 cuculum,

59 1953 85 1993 at
98 1942 226 2002 Graecus,
241 1950 377 2005 postquam
391 1948 428 1989 est
439 1940 506 1989 Italo
518 1940 638 2004 perfusus
650 1948 737 2000 aceto,

58 2033 163 2080 Persius
175 2030 302 2079 exclamat
314 2029 372 2092 ‘per
384 2041 506 2092 magnos,
522 2028 616 2090 Brute,
631 2029 692 2078 deos
705 2036 729 2079 te

60 2134 123 2180 or0,
138 2119 183 2181 qni
197 2131 268 2179 reges
280 2116 410 2165 consueris
423 2115 528 2176 tollere,
543 2131 589 2166 cur
601 2130 653 2166 non

11 2218 32 2256 ts
60 2210 130 2256 hunc
142 2207 240 2268 Regem
253 2203 371 2267 iugulas?
384 2217 491 2267 operum
504 2205 568 2265 hoc,
584 2205 648 2254 mihi
661 2208 748 2268 crede,
764 2216 821 2257 tuo-

415 2285 518 2342 rumst.'

356 2506 515 2521 5-———
