1784 3000
122 184 173 232 138
414 177 579 219 oruuruurr

121 343 238 405 quissoit
251 356 284 390 un
298 341 412 390 adiciunt
425 339 566 389 hodiernae
580 340 692 388 crastina
703 355 818 388 summae

120 438 236 494 tempora
248 429 274 477 di
287 429 390 493 superi?
691 425 693 433 '

121 527 213 567 cuneta
226 532 317 566 munus
331 518 418 566 uvidus
432 516 533 580 fugient
545 517 658 577 heredis,
674 518 758 566 amico

66 614 92 652 uo
120 622 186 670 quae
199 606 296 656 dederis
309 607 408 656 unimo.

119 763 178 796 eum
191 747 268 797 semel
285 747 409 796 occideris
421 754 446 796 et
459 746 489 796 de
503 753 527 797 te
539 747 672 810 splendida
684 748 771 797 Minos

119 836 209 885 fecerit
221 835 341 895 arbitrie,

118 939 185 985 non,
201 924 349 987 Torquate,
364 939 457 988 genus,
472 938 524 972 non
538 931 563 973 te
576 922 713 988 facundia,
727 939 780 974 non
793 931 818 974 te

118 1014 235 1063 restituet
245 1013 340 1075 pietas.

65 1159 90 1198 tt
118 1153 226 1203 infernis
238 1168 322 1216 neque
336 1153 404 1203 enim
418 1151 531 1201 tenebris
543 1153 630 1200 Diona
641 1154 765 1216 pudicum

117 1241 211 1290 liberet
222 1241 407 1306 Hippolytum,

117 1344 164 1378 nec
177 1330 292 1379 Lethaea
304 1329 371 1380 volet
385 1329 499 1380 Theseus
512 1329 664 1392 abrumpere
677 1345 737 1380 curo

117 1416 221 1466 vincula
233 1417 365 1469 Pirithoo.

448 1791 512 1840 VIII
520 1828 525 1840 .

115 1969 247 2018 Donarem
259 1975 360 2031 pateras
373 1977 498 2032 grataque
511 1968 673 2030 commodus,

115 2055 270 2117 Oensorim,
285 2057 348 2106 meis
362 2072 423 2107 uera
434 2057 580 2118 sodalibus,

115 2144 238 2193 donarem
250 2146 380 2207 tripodas,
395 2146 510 2208 proemia
523 2144 630 2195 sortium

114 2230 266 2293 Graiorum,
281 2247 364 2294 neque
378 2239 405 2280 tu
418 2233 530 2296 pessima
543 2249 677 2283 munerum

74 2377 86 2416 t
114 2372 207 2434 ferres,
223 2372 301 2423 divite
314 2388 355 2423 me
367 2373 464 2424 scilieet
476 2376 570 2424 artium

113 2476 178 2524 quus
190 2469 234 2510 aut
247 2462 398 2511 Parrhasius
409 2462 516 2525 protulit
529 2472 574 2513 aut
586 2462 697 2527 Scopas,

104 2549 152 2597 hie
161 2565 241 2613 saxo,
257 2550 364 2615 liquidis
376 2551 419 2600 ille
432 2550 561 2600 coloribus

85 2636 181 2688 sollers
193 2656 269 2693 rrurre
283 2642 427 2696 hominem
440 2657 558 2711 ponere,
569 2656 642 2691 uuuo
652 2642 743 2692 usuro.
