1770 2984
101 196 152 243 312
366 189 587 233 personnarum

101 361 126 403 te
140 355 233 403 nostris
246 353 371 414 ducibus,
386 361 411 403 te
425 353 500 403 Grais
513 353 698 416 anteferendo,

48 449 73 486 to
101 451 185 491 cetere
197 456 364 504 nequaqnam
376 442 454 491 simili
467 443 569 491 ratione
582 443 716 504 modoque

102 531 234 589 aestimat,
249 538 274 579 et
286 530 335 579 nisi
349 545 416 592 quae
429 532 502 580 terris
514 537 613 580 semota
625 531 732 594 suisque

101 619 259 681 temporibus
271 619 394 669 defuncta
405 619 490 678 ridet,
507 618 606 668 fastidit
619 628 645 669 et
657 620 730 680 odit,

101 708 137 755 sie
151 707 239 756 fautor
251 716 382 768 veterum,
398 714 427 756 ut
439 707 539 757 tabulas
551 722 658 770 peccare
670 709 781 759 vetantis

101 811 164 858 quas
178 796 216 844 bis
227 796 340 858 quinque
354 797 400 845 viri
413 804 570 857 sanxerunt,
585 796 691 846 foedera
704 811 794 862 regum

48 891 73 929 25
101 885 140 932 vel
154 881 244 933 Gabiis
258 884 297 933 vel
311 899 369 933 cum
383 885 472 947 rigidis
486 892 596 947 aequata
609 883 730 946 Sabinis,

101 973 253 1034 pontificum
265 972 363 1032 libros,
379 987 477 1022 annosa
489 972 623 1022 volumina
634 979 725 1021 vatum

102 1062 201 1110 dictitet
214 1060 318 1110 Albano
331 1076 416 1109 musas
428 1061 456 1109 in
469 1069 557 1112 monte
569 1060 685 1110 locutas.

103 1150 139 1208 si,
155 1150 217 1211 quia
231 1149 370 1198 Graiorum
382 1158 441 1198 sunt
453 1149 635 1212 antiquissima
648 1164 768 1213 quaeque

105 1239 201 1300 scripta
213 1239 252 1287 vel
266 1239 379 1302 optima,
393 1237 506 1287 Romani
519 1245 659 1302 pensantur
671 1239 763 1288 eadem

51 1334 76 1371 30
104 1327 241 1389 scriptores
254 1328 366 1386 trutina,
381 1340 435 1375 non
448 1326 568 1389 estquod
582 1326 663 1375 multa
675 1326 826 1390 loquamur:

103 1414 141 1463 nil
154 1415 223 1462 intra
236 1422 274 1463 est
287 1414 360 1475 olea,
374 1415 413 1463 nil
428 1423 501 1465 extra
513 1415 589 1465 estin
602 1429 668 1463 nuce
681 1415 756 1476 duri,

103 1504 220 1552 venimus
233 1505 266 1551 ad
279 1519 408 1552 summum
421 1505 555 1564 fortunae,
570 1503 701 1567 pingimus
714 1512 794 1567 atque

104 1591 237 1655 psallimus
250 1601 275 1642 et
287 1592 414 1641 luctemur
424 1592 530 1642 Achivis
544 1592 645 1641 doctius
659 1593 760 1642 unctis.

105 1682 124 1729 si
138 1681 246 1730 meliora
259 1681 329 1742 dies,
343 1688 372 1729 ut
385 1682 460 1742 vina,
475 1688 595 1744 poemata
608 1681 707 1741 reddit,

52 1774 77 1812 35
105 1770 168 1819 scire
181 1770 273 1831 velim,
293 1771 386 1819 chartis
399 1771 511 1833 pretium
525 1776 618 1831 quotus
631 1769 740 1832 adroget
752 1785 846 1818 annus.

105 1861 215 1922 scriptor
227 1859 323 1908 abhinc
336 1872 416 1907 annos
430 1866 532 1907 centum
546 1859 590 1920 qui
603 1858 712 1919 decidit,
728 1858 796 1908 inter

106 1949 233 2011 perfectos
245 1956 393 2010 veteresque
406 1946 496 1996 referri
509 1945 583 1996 debet
596 1961 630 1994 an
642 1947 709 1995 inter

105 2037 163 2084 vilis
177 2046 254 2099 atque
266 2036 364 2086 novos?
384 2036 504 2085 excludat
515 2035 600 2098 iurgia
613 2034 686 2083 finis.

106 2125 155 2173 ‘est
173 2134 244 2174 vetus
262 2133 338 2187 atque
351 2124 447 2189 probus
460 2131 563 2173 centum
577 2123 621 2185 qui
634 2122 734 2186 perficit
747 2113 851 2173 annos.’

54 2220 79 2257 ιο
107 2212 169 2274 quid
183 2214 227 2274 qui
240 2214 349 2277 deperiit
362 2214 447 2261 minor
458 2227 510 2260 uno
524 2227 611 2261 mense
624 2212 664 2261 vel
677 2226 763 2272 anno,

108 2302 173 2349 inter
188 2316 252 2362 quos
265 2301 411 2351 referendus
426 2300 491 2349 erit?
510 2307 638 2349 veteresne
650 2307 755 2362 poetas,

107 2405 140 2437 an
153 2404 217 2451 quos
230 2396 255 2437 et
268 2404 385 2451 praesens
399 2397 424 2437 et
436 2396 539 2452 postera
548 2395 651 2453 respuat
663 2388 753 2437 aetas?

106 2474 171 2528 ‘iste
185 2477 289 2540 quidem
301 2484 397 2524 veteres
410 2477 477 2525 inter
489 2485 599 2539 ponetur
611 2477 732 2536 honeste,

108 2569 153 2629 qui
166 2567 204 2615 vel
218 2580 304 2614 mense
317 2565 388 2613 brevi
401 2564 440 2612 vel
453 2572 508 2614 toto
522 2573 559 2615 est
571 2564 658 2614 iunior
670 2557 764 2613 anno.'

55 2661 80 2698 45
109 2663 169 2704 utor
180 2655 321 2719 permisso,
337 2653 486 2715 caudaeque
499 2654 565 2716 pilos
577 2662 606 2703 ut
619 2653 729 2715 equinae
