1770 2984
117 158 166 205 17ss
431 147 552 188 EPODON

117 316 160 377 qui
172 328 293 377 persaepe
307 328 371 362 cava
384 311 511 360 testudine
524 309 594 360 flevit
610 330 745 367 amorem

116 418 169 451 non
183 402 345 451 elaboratum
359 401 391 448 ad
404 399 509 462 pedem.

117 491 196 540 ureris
209 492 263 553 ipse
277 491 368 540 miser.
397 488 488 550 quodsi
501 500 553 534 non
568 488 720 550 pulchrior
734 496 806 560 ignis

118 579 233 627 accendit
246 579 376 627 obsessam
386 576 469 635 Ilion,

118 668 200 731 gaude
213 675 279 715 sorte
292 676 350 714 tua:
373 680 414 714 me
428 663 548 713 libertina
560 679 649 727 neque
664 684 725 718 nno

118 764 238 804 contenta
251 755 353 818 Phryne
366 759 494 802 macerat.

416 974 572 982 ———-

458 1176 520 1228 XV.

118 1373 177 1420 Nox
191 1380 244 1420 erat
258 1379 282 1420 et
295 1371 367 1420 caelo
381 1371 497 1435 fulgebat
509 1370 571 1419 luna
583 1383 674 1419 sereno

118 1463 184 1510 inter
196 1461 297 1507 minora
310 1461 405 1520 sidera,

119 1565 177 1597 cum
190 1556 218 1597 tu
232 1563 387 1611 magnorum
400 1563 495 1596 numen
508 1548 607 1596 laesura
619 1547 730 1596 deorum

120 1639 146 1685 iu
159 1637 236 1685 verba
248 1637 353 1684 iurabas
367 1651 438 1696 mea,

120 1728 200 1775 artius
214 1734 290 1787 atque
303 1725 398 1774 hedera
411 1737 519 1786 procera
532 1722 697 1786 adstringitur
710 1723 769 1773 ilex

120 1815 194 1863 lentis
208 1814 348 1862 adhaerens
360 1812 501 1871 bracchiis,

120 1907 181 1952 dum
194 1903 280 1966 pecori
293 1903 369 1964 lupus
381 1908 406 1949 et
418 1901 504 1948 nautis
517 1896 622 1947 infestus
634 1893 716 1945 Orion

121 1992 234 2040 turbaret
247 1989 384 2038 hibernum
398 2003 483 2049 mare,

120 2080 286 2140 intonsosque
299 2078 408 2140 agitaret
420 2076 552 2140 Apollinis
564 2089 627 2124 aura
639 2073 764 2137 capillos,

122 2166 176 2214 sore
190 2167 259 2215 hune
273 2180 388 2215 amorem
401 2173 532 2215 mutuum.

122 2268 136 2300 ο
150 2254 263 2301 dolitura
277 2269 335 2302 mea
348 2255 458 2302 multum
472 2255 565 2302 virtute
578 2251 694 2302 Neaera:

120 2357 181 2390 nam
195 2342 217 2389 si
231 2342 292 2403 quid
306 2343 334 2389 in
347 2342 441 2390 Flacco
455 2341 540 2401 virist,

121 2445 174 2478 uon
187 2430 251 2478 feret
264 2430 382 2478 adsiduas
394 2431 492 2492 potiori
504 2438 530 2479 te
543 2430 604 2478 dare
617 2430 714 2489 noetis,

124 2529 148 2567 et
162 2526 265 2581 quaeret
277 2519 356 2566 iratus
368 2533 472 2581 parem:

70 2615 94 2652 15
122 2623 168 2657 nee
182 2607 259 2657 semel
274 2607 386 2657 offensae
399 2607 472 2657 cedet
485 2607 631 2657 constantia
644 2605 761 2669 formae,
