1770 2984
353 180 447 221 menn
461 182 497 221 11.

40 343 177 394 sedulitas
189 351 274 392 autem
287 343 362 392 stulte
377 358 452 406 quem
464 344 550 406 diligit
565 356 668 408 urguet,

38 433 193 498 praecipue
206 446 265 480 cum
277 447 303 481 se
315 434 428 482 numeris
442 432 606 482 commendat
619 441 643 481 et
655 440 723 481 urtc:

40 521 133 570 discit
145 520 215 569 enim
227 519 302 568 citius
316 521 482 583 meminitque
495 521 616 570 libentius
627 521 691 569 illud

44 609 125 675 quod
139 609 197 672 quie
209 609 307 658 deridet
318 623 397 671 quam
408 609 479 671 quod
491 609 583 671 probat
595 617 621 658 et
633 618 781 658 veneratur.

46 699 91 750 nil
105 711 195 747 moror
207 696 325 746 officium
337 696 407 760 quod
420 711 461 746 me
473 705 563 759 gravat
575 712 606 746 ac
618 711 701 759 neque
713 698 771 746 ficto

12 784 25 824 Β
48 789 82 838 in
95 786 171 851 peius
184 784 254 835 voltu
268 785 380 848 proponi
393 799 479 835 cereus
491 800 601 848 usquam

50 889 102 926 nec
115 887 194 939 prave
207 873 281 923 factis
294 873 410 922 decorari
422 874 536 923 versibus
549 882 625 937 opto,

50 977 87 1014 ne
100 961 207 1012 rubeam
220 962 312 1026 pingui
324 962 435 1012 donatus
447 976 552 1011 munere
566 971 655 1011 etune

52 1066 117 1102 cum
129 1051 254 1114 scriptore
267 1064 325 1100 meo
338 1065 415 1115 capra
427 1059 558 1114 porrectus
571 1058 661 1113 operta

53 1139 158 1190 deferar
169 1139 198 1188 in
210 1140 296 1190 vicum
308 1139 461 1189 vendentem
473 1146 513 1188 tus
526 1149 551 1188 et
563 1139 654 1187 odores

11 1226 35 1269 Ὁ
53 1237 80 1279 et
93 1228 169 1292 piper
180 1235 206 1277 et
218 1228 344 1292 quidquid
358 1228 454 1277 chartis
466 1227 586 1276 amicitur
598 1228 706 1290 ineptis.

351 1404 509 1412 ——--

412 1582 454 1630 Il.

56 1756 147 1817 Flore,
163 1758 232 1806 bono
245 1757 366 1820 claroque
379 1755 461 1806 fidelis
474 1757 558 1805 amice
571 1755 682 1814 Neroni,

56 1845 137 1908 siquis
150 1845 217 1895 forte
229 1844 290 1895 velit
301 1859 410 1908 puerum
422 1845 470 1894 tibi
481 1843 591 1894 vendere
604 1851 693 1892 natum

56 1934 156 1983 Tibure
168 1933 208 1982 vel
221 1932 313 1984 Gabiis
326 1941 351 1984 et
363 1940 449 1983 tecum
460 1932 497 1982 sic
510 1941 586 1997 eget,
602 1932 657 1980 ‘hic
670 1942 694 1981 et

56 2021 184 2072 candidus
196 2030 222 2072 et
233 2021 298 2071 talos
310 2021 432 2070 avertice
444 2021 553 2084 pulcher
565 2020 599 2070 ad
611 2021 676 2068 imos

13 2116 28 2157 b
58 2109 102 2160 fiet
115 2111 213 2173 eritque
225 2118 285 2159 tuus
297 2123 463 2158 nummorum
475 2107 580 2158 milibus
593 2116 666 2168 octo,

56 2213 137 2248 rema
149 2198 298 2249 ministeriis
311 2199 345 2248 ad
357 2204 436 2246 nutus
449 2205 523 2260 aptus
536 2197 619 2254 erilis,

58 2286 178 2337 litterulis
190 2286 296 2337 Graecis
309 2286 423 2335 imbutus
428 2306 439 2345 ·,
453 2286 562 2335 idoneus
575 2287 623 2334 arti

58 2374 180 2436 cuilibet,
195 2375 288 2440 argilla
301 2374 401 2438 quidvis
413 2374 555 2423 imitaberis
568 2375 633 2431 uda;

57 2463 122 2526 quin
135 2462 213 2512 etiem
226 2470 301 2512 canet
312 2462 447 2512 indoctum
459 2462 503 2511 sed
517 2461 590 2512 dulce
603 2463 715 2512 bibenti.

9 2562 24 2601 o
56 2551 139 2601 multa
152 2551 228 2602 fidem
241 2552 369 2616 promisee
380 2552 465 2601 levant
476 2551 522 2600 ubi
534 2550 634 2615 plenius
647 2564 730 2613 aequo

55 2639 147 2690 laudat
158 2639 255 2691 venalis
268 2641 313 2704 qni
325 2639 379 2690 volt
391 2640 526 2689 extrudere
538 2639 643 2688 mercis.

78 2741 207 2783 Honora
219 2743 259 2785 ed.
270 2744 334 2786 1111.
635 2743 665 2778 Ἃ
