1770 2984
122 117 173 166 336
422 109 464 148 nn
479 108 560 148 annu

68 283 109 323 1⁶5
122 276 228 333 sessuri,
244 274 327 323 donec
339 279 429 322 cantor
440 264 498 320 ‘vos
511 261 643 334 plaudite'
655 271 738 328 dicat,

121 365 212 413 aetatis
225 363 349 425 cuiusque
361 359 469 411 notandi
482 365 541 408 sunt
552 359 601 408 tibi
613 373 714 418 mores,

121 452 313 513 mobilibusque
326 450 419 509 decor,
435 448 542 498 maturis
555 447 657 497 dandus
670 455 695 497 et
709 448 793 496 annis.

121 540 226 589 reddere
239 540 284 602 qui
296 552 371 587 voces
384 538 438 585 iam
450 537 497 586 scit
509 551 572 600 puer
584 544 610 585 et
621 537 687 598 pede
701 544 770 586 certo

123 628 209 691 signat
222 628 348 687 humum,
364 625 437 689 gestit
449 623 555 689 paribus
568 623 701 674 colludere
714 633 740 675 et
751 627 811 674 iram

71 723 109 761 rao
123 716 223 780 colligit
236 732 267 765 ae
279 715 353 779 ponit
365 722 460 775 temere
473 720 500 763 et
511 719 626 762 mutatur
637 713 667 761 in
679 714 772 765 horas.

120 804 241 853 inberbus
253 803 369 863 iuvenis,
384 802 488 851 tandem
501 796 608 850 custode¹
615 809 732 864 remoto,
792 792 795 801 ¹

121 893 217 954 gaudet
229 893 302 955 equis
315 890 472 953 canibusque
485 896 510 938 et
523 889 606 953 aprici
618 890 735 952 gramine
748 889 840 953 campi,

121 994 209 1029 cereus
221 980 247 1028 in
262 980 353 1028 vitium
365 977 448 1037 flecti,
462 977 633 1026 monitoribus
646 991 736 1042 asper,

121 1067 226 1116 utilium
240 1067 327 1116 tardus
339 1067 472 1130 provisor,
488 1067 611 1131 prodigus
625 1067 706 1128 aeris,

68 1163 107 1203 165
122 1155 238 1205 sublimis
251 1157 410 1219 cupidusque
422 1163 446 1205 et
459 1163 546 1204 amata
558 1154 703 1218 relinquere
717 1155 821 1220 pernix.

120 1245 247 1293 conversis
260 1245 352 1293 studiis
365 1252 435 1293 aetas
449 1244 602 1306 animusque
613 1242 695 1292 virilis

120 1333 222 1394 quaerit
235 1347 297 1396 opes
309 1340 335 1382 et
347 1332 492 1393 amicitias,
507 1332 611 1381 inservit
624 1331 735 1394 honori,

121 1419 271 1470 conmisisse
285 1428 356 1470 cavet
369 1421 438 1482 quod
452 1434 514 1469 mox
526 1428 625 1470 mutare
637 1419 752 1471 laboret.

120 1507 202 1557 multa
214 1522 300 1558 senem
310 1509 512 1559 circumveniunt
524 1509 706 1570 incommoda,
716 1510 761 1559 vel
774 1510 840 1574 quod

68 1605 105 1643 170
121 1597 223 1659 quaerit
237 1605 261 1647 et
274 1596 383 1647 inventis
395 1597 471 1647 miser
483 1598 592 1647 abstinet
604 1613 635 1646 ac
647 1597 722 1646 timet
734 1600 789 1658 uti,

120 1686 159 1734 rel
173 1686 242 1748 quod
255 1700 294 1735 res
307 1685 391 1734 omnis
405 1686 494 1734 timide
508 1685 642 1750 gelideque
655 1686 800 1746 ministrat,

121 1774 231 1833 dilator,
247 1789 290 1837 spe
303 1773 411 1836 longus,
426 1775 511 1834 iners,
527 1776 666 1837 avidusque
679 1774 775 1836 futuri,

120 1861 247 1923 difficilis,
263 1862 398 1925 querulus,
413 1863 531 1926 laudator
544 1846 666 1925 temporis
679 1863 729 1911 acti

120 1963 146 1997 se
159 1965 256 2013 puero,
271 1951 410 2014 castigator
422 1967 564 2014 censorque
576 1952 720 2001 minorum.

67 2043 105 2082 175
120 2038 200 2086 multa
212 2038 299 2088 serunt
312 2041 373 2088 anni
386 2040 514 2089 venientes
527 2042 664 2090 commoda
676 2056 776 2101 secum,

120 2125 202 2171 multa
215 2127 362 2177 recedentes
375 2129 508 2178 adimunt:
532 2144 563 2178 ne
576 2129 644 2178 forte
655 2129 747 2179 seniles

120 2212 273 2262 mandentur
285 2216 371 2265 iuveni
385 2224 470 2280 partes
484 2231 615 2280 pueroque
629 2218 728 2269 viriles.

121 2313 221 2361 semper
233 2300 261 2347 in
275 2303 401 2353 adiunctis
414 2319 528 2367 aevoque
541 2305 701 2356 morabimur
714 2309 792 2371 aptis.

120 2396 164 2435 aut
178 2387 262 2451 agitur
275 2391 353 2438 resin
366 2392 463 2440 scaenis
476 2401 521 2442 aut
534 2402 593 2443 acta
605 2394 725 2446 refertur.

66 2483 105 2521 180
120 2476 223 2537 segnius
236 2476 344 2526 inritant
356 2479 456 2528 animos
469 2481 577 2531 demissa
589 2498 635 2545 per
648 2497 735 2532 aurem

114 2579 194 2628 quern
209 2579 277 2630 quae
289 2575 348 2618 sunt
361 2566 442 2618 oculis
454 2567 571 2620 subiecta
581 2570 696 2619 fidelibus
708 2583 734 2623 et
746 2590 814 2637 quse

789 1840 812 1881 l.
