1770 2984
365 207 462 246 LIBER
476 207 500 246 1.

56 378 174 418 naturam
188 369 302 432 expelles
315 369 403 431 suros,
419 379 505 420 tamen
519 386 598 434 usque
611 379 722 420 recurret

10 465 27 504 tt
56 468 81 506 et
93 457 162 507 mala
175 465 325 521 perrumpet
338 457 428 508 furtim
442 458 548 508 fastidia
561 460 666 508 victrix.

55 560 109 594 non
122 547 167 609 qui
181 544 290 595 Sidonio
304 548 458 596 contendere
471 547 580 596 callidus
593 555 660 597 ostro

56 635 137 684 nescit
149 635 309 697 Aquinatem
321 636 440 698 potantia
452 635 547 684 vellera
559 635 662 693 fucum,

57 724 150 773 certius
164 723 275 787 accipiet
287 724 412 773 damnum
425 723 561 787 propiusve
574 722 692 772 medullis

57 827 136 875 quam
149 813 258 874 quinon
273 813 369 876 poterit
381 826 441 861 vcro
455 812 612 882 distinguere
624 811 734 863 falsum.

10 907 31 946 to
60 915 138 963 quem
151 915 190 950 res
202 901 260 964 plus
272 901 355 949 nimio
368 900 523 950 delectavere
536 900 679 961 secundae,

58 996 174 1039 mutatae
187 990 316 1052 quatient.
343 989 428 1051 siquid
441 989 581 1048 mirabere,
597 1003 677 1054 pones

58 1077 164 1127 invitus.
191 1076 251 1142 fuge
266 1092 376 1142 magna:
397 1078 457 1128 licet
468 1077 514 1127 sub
528 1093 640 1141 paupere
652 1087 721 1129 tecto

58 1180 130 1230 reges
143 1174 171 1216 et
183 1180 272 1231 regum
286 1166 338 1215 vita
351 1180 514 1229 praecurrere
526 1167 636 1215 amicos.

58 1269 147 1304 cervus
160 1269 256 1317 equum
267 1269 356 1318 pugna
368 1254 460 1305 melior
472 1255 654 1304 communibus
665 1255 752 1305 herbis

10 1349 32 1388 st
58 1342 187 1407 pellebat,
202 1343 285 1393 donec
297 1343 383 1392 minor
395 1342 423 1392 in
436 1344 575 1393 certamine
589 1344 667 1408 longo

58 1431 199 1496 inploravit
211 1446 272 1496 opes
285 1432 399 1482 hominis
412 1432 566 1495 frenumque
579 1433 690 1496 recepit.

59 1521 103 1570 sed
116 1529 254 1584 postquam
267 1521 349 1570 victor
361 1521 459 1570 violens
471 1521 587 1570 discessit
598 1521 631 1569 ab
645 1520 731 1580 hoste,

58 1623 113 1658 non
126 1609 239 1672 equitem
253 1610 345 1670 dorso,
359 1622 412 1657 non
425 1609 528 1657 frenum
540 1608 638 1672 depulit
651 1623 712 1661 ore.

59 1697 96 1746 sic
109 1697 154 1760 qui
166 1697 319 1760 pauperiem
332 1697 428 1745 veritus
440 1695 542 1758 potiore
555 1697 664 1745 metallis

10 1793 34 1831 to
62 1786 182 1834 libertate
195 1793 281 1844 caret,
295 1783 431 1832 dominum
443 1783 513 1832 vehit
524 1783 649 1846 inprobus
663 1791 739 1846 atque

59 1875 152 1924 serviet
164 1882 313 1933 aeternum,
329 1870 391 1935 quia
403 1885 482 1934 parvo
494 1870 590 1921 nesciet
603 1871 656 1920 nti.

60 1963 103 2011 cui
117 1975 170 2008 non
184 1960 320 2010 conveniet
331 1975 378 2009 sua
390 1974 447 2020 res,
461 1967 490 2009 ut
504 1960 604 2009 calceus
617 1958 696 2018 olim,

60 2051 82 2099 si
94 2049 160 2113 pede
173 2049 259 2097 maior
271 2049 333 2111 erit,
347 2047 490 2108 subvertet,
506 2047 527 2096 si
539 2047 640 2106 minor,
655 2056 723 2098 uret.

59 2137 142 2186 laetus
155 2144 223 2186 sorte
236 2144 281 2185 tua
294 2136 361 2186 vives
373 2137 518 2199 sapienter,
532 2135 626 2196 Aristi,

10 2233 35 2274 4⁶
61 2240 109 2275 nec
122 2240 163 2275 me
177 2225 291 2274 dimittes
304 2225 498 2289 incastigatum,
514 2225 557 2272 ubi
570 2224 645 2288 plura

61 2328 152 2379 cogere
165 2329 245 2376 quam
258 2313 319 2362 satis
331 2320 370 2362 est
381 2328 413 2362 ac
425 2326 479 2361 non
491 2326 590 2362 cessare
602 2313 720 2363 videbor.

61 2403 172 2465 imperat
184 2412 230 2450 aut
242 2401 318 2451 servit
330 2400 440 2451 collecta
451 2400 563 2465 pecunia
575 2402 684 2465 cuique,

61 2497 158 2540 tortum
170 2491 250 2555 digna
262 2490 336 2553 sequi
349 2490 436 2554 potius
449 2504 528 2553 quam
541 2490 633 2540 ducere
645 2491 746 2540 funem.

61 2578 126 2628 baec
138 2579 187 2628 tibi
200 2579 332 2630 dictabam
344 2586 403 2643 post
415 2578 506 2630 fanum
518 2586 593 2644 putre
605 2578 742 2639 Vacunae,

10 2675 34 2715 to
60 2677 169 2732 excepto
183 2668 254 2730 quod
266 2682 319 2717 non
333 2668 409 2719 simul
422 2682 488 2718 esses
501 2676 585 2718 cetera
597 2668 695 2717 lactus.

81 2770 207 2812 mutus.
224 2771 265 2812 ed.
281 2771 347 2815 1111.
643 2772 673 2808 tu
