1784 3000
119 416 136 466 4
409 408 573 451 susurnam

119 573 208 623 laudat
220 588 280 622 rura
293 572 348 622 sui:
370 586 432 621 mox
445 572 524 621 reficit
537 571 600 620 ratis

120 676 237 724 quassas,
251 660 372 710 indocilis
385 660 535 725 pauperiem
548 659 616 723 pati.

119 756 157 799 est
170 749 214 812 qui
227 763 274 799 neo
286 749 377 798 veteris
389 747 484 812 poeula
496 747 600 795 Massici

66 846 92 886 20
120 851 167 887 neo
180 844 279 901 partem
292 837 374 885 solido
388 837 489 886 demere
503 836 533 884 de
547 834 587 885 die

120 978 230 1041 spernit,
244 991 312 1027 nune
325 978 402 1027 viridi
415 976 531 1027 membra
544 977 590 1026 sub
604 976 695 1026 arbuto

120 1073 228 1126 stratus,
242 1080 311 1115 nune
324 1066 356 1114 ad
370 1080 452 1127 aquae
464 1064 521 1114 lene
534 1074 611 1128 eaput
622 1079 723 1114 sacrae.

121 1155 215 1203 multos
228 1161 311 1203 eastra
324 1154 413 1202 iuvant
425 1160 449 1202 et
460 1152 527 1203 lituo
539 1152 616 1202 tubae

122 1243 266 1307 permixtus
277 1242 375 1291 sonitus
388 1241 506 1304 bellaque
519 1240 643 1290 matribus

70 1392 96 1430 at
124 1383 263 1433 detestata.
289 1391 377 1432 manet
389 1381 436 1431 sub
449 1381 510 1432 love
522 1380 617 1445 frigido

124 1478 230 1521 venator
242 1479 344 1521 tenerae
357 1469 476 1534 coniugis
488 1470 630 1528 inmemor,

123 1573 168 1609 seu
181 1559 235 1608 visa
246 1566 283 1608 est
296 1557 388 1608 catulis
400 1572 476 1607 cerva
487 1557 620 1616 fidelibus,

124 1661 167 1697 seu
181 1647 250 1711 rupit
261 1653 352 1696 teretes
364 1646 467 1696 Marsus
480 1660 541 1709 aper
553 1645 656 1709 plagas.

125 1801 166 1836 me
179 1787 314 1837 dootamm
326 1786 435 1836 hederae
448 1787 564 1851 praemia
575 1785 701 1836 frontium

71 1882 97 1923 to
126 1874 163 1924 dis
176 1875 283 1924 miscent
294 1875 405 1938 superis,
419 1889 459 1924 me
471 1874 586 1938 gelidum
598 1889 688 1924 nemus

125 1962 349 2026 nympharumque
361 1963 429 2013 leves
442 1978 501 2012 eum
513 1962 603 2027 satyris
616 1963 689 2012 ehori

126 2058 261 2100 secernunt
274 2050 385 2115 populo,
400 2051 422 2100 si
434 2066 518 2114 neque
531 2050 607 2100 tibias

126 2190 238 2255 Euterpe
250 2191 354 2241 cohibet
366 2205 413 2241 nec
425 2191 600 2256 Polyhymnia

126 2277 256 2328 Lesboum
269 2279 364 2343 refugit
377 2279 480 2329 tendere
494 2278 627 2328 barbiton.

74 2373 99 2414 ts
127 2364 219 2427 quodsi
232 2381 272 2416 me
284 2366 370 2431 lyricis
383 2367 482 2416 vatibus
494 2367 603 2427 inseres,

127 2453 229 2502 sublimi
242 2453 335 2504 feriam
347 2455 430 2505 sidera
442 2456 551 2506 vertice.
