1770 2984
312 351 344 428 o.
358 352 495 418 coelur
513 351 631 417 srrccr

180 498 207 585 Ε
236 500 263 587 P
291 499 307 588 l
338 497 360 589 S
389 499 415 588 T
442 499 472 588 U
501 499 526 587 L
554 499 584 587 Α
615 500 645 587 R
673 499 701 588 U
729 500 761 587 Μ

358 701 452 741 mann
466 700 587 742 PRIMUS.

462 861 488 913 Ι.

100 1023 189 1072 Prima
202 1024 269 1073 dicte
282 1022 362 1082 mihi,
377 1036 479 1071 summa
492 1022 599 1072 dicende
612 1036 734 1082 camena,

99 1119 242 1174 spectatum
255 1112 315 1160 satis
329 1118 355 1160 et
366 1110 493 1160 donatum
504 1109 559 1158 iam
571 1111 633 1160 rude
645 1110 760 1172 quaeris,

100 1201 252 1258 Maecenas,
266 1199 359 1248 iterum
372 1199 478 1262 antiquo
492 1213 534 1248 me
546 1198 675 1248 includere
687 1199 762 1250 ludo.

100 1302 153 1335 uon
166 1288 256 1337 eadem
269 1295 305 1337 est
317 1296 403 1350 aetas,
418 1302 472 1337 non
485 1302 569 1339 mens.
597 1287 735 1349 Veianius,
750 1288 829 1337 armis

60 1383 72 1422 b
101 1374 218 1424 Herculis
231 1376 264 1425 ad
277 1384 376 1440 postem
388 1376 462 1439 fixis,
476 1377 541 1427 latet
553 1377 655 1427 abditus
667 1393 744 1442 agro,

100 1479 132 1512 nc
145 1464 271 1528 populum
283 1473 400 1515 extrema
412 1465 506 1515 totiens
518 1473 607 1515 exoret
619 1481 709 1516 arena.

100 1561 138 1602 est
151 1553 216 1601 mihi
229 1560 366 1617 purgatam
378 1555 468 1603 crebro
481 1553 526 1616 qui
541 1562 659 1616 personet
670 1569 773 1614 aurem,

36 1698 38 1702 μ
97 1630 184 1690 ‘solve
196 1649 369 1692 senescentem
381 1648 480 1691 mature
492 1655 568 1690 sanus
580 1656 690 1704 equum,
704 1657 737 1692 ne

100 1738 188 1792 peccet
202 1729 234 1778 ad
248 1738 393 1780 extremum
406 1729 527 1779 ridendus
540 1736 566 1779 et
577 1729 623 1778 ilia
634 1720 736 1780 ducat.’

47 1826 72 1864 10
101 1833 169 1866 nuuc
182 1819 269 1881 itaque
281 1826 307 1868 ot
319 1833 403 1868 versus
416 1824 441 1868 et
453 1823 538 1867 cetera
549 1816 649 1866 ludicra
661 1831 745 1881 pono:

100 1906 162 1969 quid
175 1921 263 1955 verum
276 1914 353 1969 atque
366 1907 459 1957 decena
471 1919 534 1955 curo
547 1912 574 1954 et
586 1919 649 1968 rogo
663 1913 688 1954 et
700 1906 785 1954 omnis
798 1905 824 1953 in

418 1995 551 2044 hocsum:

100 2082 184 2132 condo
197 2091 223 2133 et
235 2097 356 2148 conpone
369 2097 436 2145 quae
448 2096 511 2131 mox
523 2082 673 2146 depromere
684 2083 793 2146 possim.

101 2187 132 2220 ac
144 2186 177 2221 ne
190 2172 257 2242 forte
270 2186 343 2235 roges
356 2185 409 2235 quo
422 2185 463 2220 me
476 2169 556 2231 duce,
571 2184 623 2233 quo
634 2171 688 2220 lare
700 2178 781 2230 tuter,

101 2259 197 2309 nullius
210 2260 327 2309 addictus
341 2260 426 2309 iurare
438 2260 466 2307 in
479 2258 556 2308 verba
567 2259 683 2324 magistri

48 2354 73 2391 1⁶
102 2361 153 2410 quo
167 2361 208 2396 me
221 2362 330 2410 cumque
343 2347 412 2412 rapit
424 2355 561 2412 tempestas
574 2347 676 2397 deferor
688 2348 791 2410 hospes.

101 2449 170 2483 nunc
183 2435 259 2498 agilis
272 2435 304 2483 fio
318 2443 343 2485 et
355 2449 452 2485 mersor
465 2435 582 2485 civilibus
595 2436 686 2496 undis,

101 2523 203 2572 virtutis
215 2537 289 2573 verae
302 2530 385 2573 custos
396 2523 545 2588 rigidusque
557 2523 671 2584 satelles,
