1770 2984
98 176 149 226 282
362 169 578 213 uersuuuaauu

43 341 70 382 ee
98 349 241 384 mercemur
254 349 356 384 servum
369 335 414 396 qui
426 335 505 384 dictet
516 333 639 394 nomina,
654 333 759 384 laevum

98 424 143 485 qui
157 422 250 472 fodicet
262 421 330 472 latus
342 430 367 472 et
379 430 455 487 cogat
467 431 538 472 trans
551 423 667 485 pondera
680 423 800 472 dextram

97 511 242 575 porrigere:
262 510 320 560 ‘hie
331 511 442 561 multum
453 512 483 560 in
495 511 576 560 Fabia
589 509 669 570 valet,
684 509 841 570 illeVelina3

97 600 138 647 cui
152 599 214 648 libet
226 599 269 647 hie
282 598 360 648 fascis
372 598 444 648 dabit
457 599 599 662 eripietque
612 598 702 648 curule

97 687 139 734 cui
151 687 220 736 volet
232 687 385 750 inportunus
395 688 459 736 ebur
468 687 486 735 .'
510 687 604 748 frater,
618 695 693 750 pater
705 687 790 746 edde;

41 781 69 820 et
96 784 124 823 ut
137 776 231 838 cuique
243 784 281 826 est
292 785 378 836 aetas,
393 776 430 824 ita
442 789 571 839 quemque
583 775 683 824 facetus
694 777 808 840 adopta.

96 864 116 912 si
131 863 194 913 bene
208 866 252 926 qui
266 872 341 914 eeuat
353 865 418 913 bene
431 864 509 925 vivit,
524 865 607 925 lueet,
624 878 712 914 eamus
772 872 775 877 '

95 965 147 1014 quo
161 951 233 1000 ducit
244 952 321 1016 gula,
336 952 478 1016 piscemur‚
492 966 629 1012 venemur,
644 960 673 1001 ut
686 953 750 1002 olim

95 1038 241 1102 Gargilius,
257 1041 300 1103 qui
313 1055 390 1090 maue
401 1039 506 1105 plagas,
520 1041 661 1099 venabula,
677 1055 779 1103 servos,

95 1128 227 1178 differtum
239 1130 346 1179 transire
359 1129 446 1178 forum
458 1129 637 1192 populumque
650 1130 771 1193 iubebat,

40 1222 69 1262 eu
97 1231 163 1265 uuus
176 1226 204 1266 ut
218 1232 231 1266 e
244 1217 331 1267 multis
342 1217 441 1281 populo
453 1225 585 1281 spectante
597 1217 704 1268 referret

20 1292 21 1295 ¹
94 1313 209 1367 emptum
228 1306 313 1354 mulus
326 1321 435 1368 aprum.
468 1306 540 1354 erudi
552 1306 697 1369 tumidique
709 1307 840 1370 lavemur,

94 1392 156 1454 quid
170 1393 258 1442 deceat
271 1394 334 1456 quid
346 1409 400 1442 non
413 1394 503 1455 obliti,
518 1393 618 1444 Caerite
630 1409 689 1444 eera

93 1479 181 1543 digni,
195 1481 332 1546 remigium
344 1482 465 1531 vitiosum
478 1482 618 1532 Ithacensis
630 1481 718 1542 Ulixi,

92 1569 134 1618 cui
148 1569 235 1632 potior
247 1569 332 1631 patria
345 1569 396 1618 fuit
408 1571 545 1620 interdieta
558 1571 693 1634 voluptas.

36 1662 63 1701 et
91 1658 128 1718 si,
144 1658 313 1707 Mimnermus
325 1659 363 1707 uti
376 1668 476 1718 censet,
492 1660 546 1709 sine
559 1674 646 1709 amore
658 1661 774 1724 iocisque

90 1746 127 1795 nil
140 1755 176 1797 est
188 1748 345 1806 iucundum,
361 1748 431 1796 vivas
444 1748 473 1797 in
485 1762 573 1797 amore
585 1749 718 1810 iocisque.

89 1837 161 1895 vire,
176 1837 247 1885 vale.
274 1837 358 1899 siquid
371 1836 465 1885 novisti
476 1837 570 1885 rectius
582 1837 651 1897 istis,

89 1925 214 1973 candidus
226 1925 336 1987 inperti3
358 1925 379 1973 si
392 1939 459 1983 non,
475 1924 516 1973 his
528 1932 598 1973 utere
611 1939 726 1977 meeum.

86 2239 94 2273 l

425 2278 477 2326 VH
488 2318 493 2329 .

87 2449 207 2512 Quinque
220 2451 274 2501 dies
285 2452 334 2501 tibi
347 2453 478 2516 pollicitus
491 2470 531 2504 me
544 2470 602 2504 rure
615 2456 745 2516 futurum,

85 2540 203 2588 sextilem
216 2548 299 2590 toturn
312 2541 424 2589 mendax
437 2542 582 2592 desideror.
610 2546 698 2606 atqui,

86 2627 106 2673 si
120 2641 160 2675 me
174 2628 257 2678 vivere
271 2629 307 2678 vis
320 2644 411 2678 sanum
424 2639 542 2693 reeteque
555 2631 697 2694 valentem,
