1770 2984
360 176 455 218 mann
470 177 507 216 11.

59 341 135 391 belua
149 348 272 404 cognatos
285 340 396 389 eliserit.
422 339 466 388 illa
479 353 570 404 rogare

60 438 203 492 quantane,
219 436 411 488 numentum,
426 427 532 476 sufflans
545 442 584 489 ae,
599 443 693 493 magna
706 428 806 477 fuisset.

57 510 154 566 ‘maior
167 517 276 566 dimidio
285 517 302 568 .'
325 517 401 565 ‘num
413 506 546 565 tantum?
566 532 625 565 eum
638 518 720 581 magis
731 525 807 579 atque

59 619 85 653 se
98 605 180 668 magis
191 604 305 667 inflaret,
321 605 402 664 ‘non,
417 604 437 659 si
450 612 475 654 te
488 597 602 668 ruperia’
614 605 713 669 inquit,

10 696 46 736 32⁰
60 694 119 757 ‘par
132 693 180 742 eris
188 683 204 740 .'
228 693 295 742 haee
307 709 323 742 a
335 700 361 742 te
373 707 427 741 non
440 693 549 742 multum
562 693 662 742 obludit
674 693 775 758 imago.

59 781 124 830 adde
137 788 259 845 poemata
270 795 354 841 nuno,
375 780 426 829 hoe
439 789 492 839 est,
507 780 595 830 oleum
608 781 673 830 adde
686 781 805 840 eamin03

60 884 125 932 quae
138 871 217 932 siquis
230 884 308 919 sanus
322 868 399 928 feeit,
414 883 491 917 sanna
503 867 568 917 facia
582 876 607 917 et
619 876 661 917 tu.

59 972 112 1007 non
125 957 183 1006 dico
196 957 353 1007 horrendam
365 956 464 1007 rabiem
471 950 487 1017 ,³
501 957 555 1006 iam
568 957 668 1007 desine.
694 951 808 1007 ‘cultum

59 1046 184 1096 maiorem
197 1061 274 1096 censu
284 1046 302 1106 ‚²
313 1053 414 1105 teneas,
430 1045 605 1110 Damasippe,
620 1046 670 1094 tuis
683 1054 723 1097 te.

10 1139 45 1179 325
59 1133 145 1184 ‘mille
158 1134 319 1198 Puellarum,
334 1148 474 1198 puerorum
487 1132 558 1183 mille
571 1126 696 1183 furores.'

60 1235 76 1270 o
90 1225 173 1272 maior
186 1223 290 1272 tandem
302 1236 392 1285 pareas
404 1222 495 1272 insane
508 1221 618 1271 minori.

399 1577 468 1626 1111.

59 1751 133 1800 Unde
146 1761 171 1800 et
184 1766 234 1812 quo
248 1750 356 1801 Catius?
375 1744 443 1800 ‘non
456 1759 494 1801 est
506 1751 571 1800 mihi
584 1759 683 1814 tempus
697 1754 782 1801 aventi

59 1854 154 1902 ponere
166 1840 240 1902 signa
252 1838 326 1889 novis
339 1839 497 1903 praeceptis,
512 1839 599 1900 qualia
612 1841 714 1889 vincent

58 1928 226 1992 Pythagoran
239 1927 371 1991 Anytique
383 1941 456 1977 reum
469 1927 626 1989 doctumque
639 1927 750 1976 Platona
759 1928 777 1978 .'

58 2025 193 2079 peceatum
205 2015 305 2075 fateor,
319 2031 378 2064 eum
390 2023 416 2064 te
428 2015 465 2064 aie
479 2021 594 2077 tempore
607 2015 680 2064 laevo

32 2112 44 2150 ὅ
59 2103 261 2167 interpellarim.
287 2104 331 2153 aed
344 2104 388 2153 dea
400 2103 503 2152 veniam
516 2102 614 2163 bonna,
630 2117 689 2152 oro.

58 2193 150 2255 quodsi
168 2192 325 2241 interciderit
338 2192 385 2240 tibi
397 2205 465 2239 nune
479 2190 594 2253 aliquid,
616 2201 712 2255 repetes
725 2208 803 2255 mox,

57 2281 110 2329 sive
122 2287 159 2329 eat
171 2288 280 2330 naturae
292 2279 343 2330 hoo
355 2280 407 2329 sive
420 2279 499 2341 artis,
514 2279 593 2329 mirus
606 2288 731 2344 utroque.

56 2368 130 2430 ‘quin
141 2368 168 2416 id
182 2376 235 2418 erat
247 2382 339 2429 curae,
355 2383 406 2431 quo
419 2375 496 2432 paeto
509 2375 603 2417 cuneta
615 2375 743 2430 tenerem,

57 2464 147 2519 utpote
159 2471 199 2504 res
212 2456 312 2516 tenuia,
327 2457 398 2506 tenni
412 2470 530 2506 sermone
542 2458 682 2520 peractas.²

18 2555 43 2592 10
58 2544 104 2592 edo
117 2543 229 2592 hominis
242 2558 350 2605 nomen,
365 2545 443 2594 simul
456 2553 493 2605 et,
509 2544 641 2595 Romanus
652 2561 685 2595 an
698 2548 802 2611 hospes.

54 2623 126 2695 ‘ipsa
138 2646 238 2681 memor
249 2640 386 2696 praecepta
398 2647 507 2694 onnam,
522 2632 648 2682 celabitur
660 2643 764 2687 anoton.
