1770 2984
109 175 161 222 234
391 165 572 209 SATIRARUM

109 346 160 394 quo
173 331 255 395 magis
266 330 307 379 his
319 329 421 390 credes,
434 343 499 391 puer
507 328 577 376 huuc
585 341 633 390 ego
641 341 742 390 parvus
750 327 871 379 Ofellum

108 421 212 484 integris
225 419 318 482 opibus
331 418 393 466 novi
405 431 459 465 non
471 416 548 465 letius
561 430 637 464 usum

108 523 186 570 quem
199 523 267 557 nunc
281 507 384 556 accisis.
412 506 499 554 videus
512 511 609 553 metato
622 504 651 551 in
664 504 755 568 agello

55 605 93 642 115
108 611 167 645 cum
180 610 273 660 pecore
286 603 311 644 et
323 592 407 659 gnatis
420 593 514 642 fortem
527 592 643 641 mercede
656 592 789 643 colonum

103 676 171 734 ‘nen
186 676 245 749 ego'
258 691 406 732 narrantem
419 682 529 731 ‘temere
542 681 583 730 edi
595 679 653 730 luce
667 680 792 744 profesta

106 774 246 835 quicquam
260 779 361 836 praeter
375 771 431 819 olus
443 770 560 819 fumosae
573 783 632 818 eum
645 770 712 831 pede
726 786 846 834 pernae.

105 877 136 909 ue
149 861 213 909 mihi
225 875 270 909 seu
283 861 391 924 longum
404 868 464 923 post
476 868 577 922 tempus
589 865 695 907 vcneret
708 858 811 924 hospes

104 951 157 999 sire
170 964 277 1013 operum
290 963 372 997 vacuo
385 956 474 1011 gratus
487 947 595 996 convive
607 961 652 1010 per
664 945 782 998 imbrem

51 1047 89 1084 120
104 1040 218 1100 ricinus,
232 1039 365 1101 benceret
377 1051 431 1086 non
443 1036 555 1100 piscibus
567 1033 631 1084 urbe
644 1035 735 1098 petitis

104 1129 148 1176 sed
161 1126 231 1191 pullo
244 1136 321 1191 etque
333 1126 433 1175 haedo.
460 1135 515 1175 tum
527 1124 633 1188 pensilis
645 1139 698 1173 uva
709 1128 845 1178 secundas

103 1226 127 1264 et
141 1233 195 1265 nux
208 1217 318 1266 ornabat
331 1230 431 1264 mensus
444 1230 503 1264 cum
515 1213 618 1277 duplice
632 1212 695 1263 ficu.

103 1312 160 1367 post
173 1305 222 1352 hoe
234 1304 309 1353 ludus
322 1312 375 1353 eret
386 1303 464 1365 culpe
477 1311 566 1366 potare
579 1301 721 1364 megistum

102 1406 132 1439 ue
146 1400 265 1441 venerata
279 1393 368 1454 Ceres,
383 1393 420 1441 ite
434 1392 519 1441 culmo
531 1399 646 1455 surgeret
658 1383 729 1452 ulto,

49 1485 87 1524 125
102 1480 228 1542 explicuit
240 1482 300 1530 vinc
314 1489 462 1531 contractae
475 1481 540 1530 serie
554 1479 661 1531 frontis.

100 1570 196 1617 saeviat
209 1577 286 1631 etque
299 1585 379 1618 novos
391 1578 493 1619 moveat
505 1569 620 1617 Fortuna
633 1568 777 1621 tumultus:

100 1665 226 1718 (priamum
246 1658 305 1706 hinc
324 1658 469 1707 inminuet?
494 1666 591 1719 quanto
611 1664 656 1706 aut
675 1672 724 1721 ego
745 1662 853 1723 parcius

472 1753 589 1807 autres,

99 1848 114 1881 ο
128 1835 215 1896 pueri,
230 1836 342 1884 nituistis
355 1842 383 1881 ut
395 1835 445 1883 huc
457 1848 538 1883 novus
551 1834 638 1883 incola
650 1836 740 1885 veuit?

98 1938 158 1971 nam
172 1925 291 1987 propriae
304 1923 402 1973 telluris
415 1937 486 1971 erum
499 1929 592 1971 nature
605 1938 690 1985 neque
703 1924 777 1974 illum

44 2018 83 2056 130
98 2027 145 2061 nec
159 2027 199 2061 me
213 2029 259 2062 nec
271 2028 428 2075 quemquam
441 2013 545 2060 statuit:
567 2027 614 2060 nos
626 2014 728 2074 expulit
740 2013 798 2075 ille;

96 2101 170 2148 illum
184 2111 229 2150 aut
241 2103 368 2163 nequities
381 2109 426 2150 eut
438 2100 504 2150 vafri
516 2100 620 2149 inscitie
632 2101 710 2161 iuris,

96 2197 254 2250 postremum
267 2190 378 2252 expellet
392 2198 458 2239 certe
471 2189 585 2238 vivacior
598 2189 687 2241 heres.

96 2292 163 2325 nunc
176 2291 237 2339 ager
250 2276 374 2325 Umbreni
388 2278 434 2326 sub
447 2278 569 2338 nomine,
585 2292 667 2341 nuper
680 2276 763 2329 Ofelli

96 2364 194 2424 dictus,
209 2363 257 2412 erit
269 2365 333 2413 nulli
347 2367 481 2428 proprius,
497 2367 539 2415 sed
554 2366 627 2416 cedet
638 2367 665 2416 in
679 2382 756 2418 usum

42 2460 80 2498 1³5
95 2467 162 2501 nune
175 2453 254 2513 mihi,
269 2469 338 2502 nunc
351 2454 409 2502 elii.
437 2456 560 2515 quocirca
571 2454 648 2505 vivite
660 2454 742 2507 fortes

95 2541 225 2603 fortiaque
238 2543 348 2590 adversis
362 2543 485 2604 opponite
499 2551 603 2607 pectore
615 2537 716 2594 rebus.’
