1770 2984
126 180 178 230 154
326 174 665 218 cnunsenounsnn.

123 341 166 389 cui
178 355 224 404 per
236 339 368 390 ardentem
381 341 436 390 sine
448 340 540 388 frende
553 338 662 389 Troiam

122 438 207 479 custm
219 429 323 480 Aeneas
336 429 435 493 petrino
447 436 575 492 superstes
672 420 677 423 ³

123 516 234 567 liberum
247 519 357 567 munivit
369 517 431 579 iter,
446 518 552 567 daturus

124 605 196 668 plura
209 605 318 656 relictis:

68 753 95 790 lt
122 747 164 808 di,
178 747 273 811 probos
284 762 369 797 mores
380 747 471 796 docilis
484 748 617 806 iuventae,

123 836 163 897 di,
176 837 314 886 senectutis
326 837 444 900 plnoidne
456 835 570 898 quietem

124 925 250 975 Romulae
261 925 332 988 genti
345 925 404 974 dete
417 938 523 987 remque
535 924 686 987 prolemque

122 1022 147 1063 et
158 1014 234 1064 decus
247 1027 324 1062 omne
333 1030 339 1072 ;

121 1169 238 1219 quaeque
250 1170 295 1205 vos
306 1154 389 1203 bobus
400 1161 536 1204 veneretur
548 1154 614 1204 olbis

68 1251 93 1288 to
121 1243 205 1293 clerus
216 1242 347 1294 Anchisae
358 1243 516 1306 Venerisque
529 1243 646 1307 sanguis,

121 1333 245 1395 impetret,
261 1332 371 1382 bellante
383 1332 470 1395 prior,
485 1332 613 1381 iacentem

120 1420 185 1470 lenis
196 1422 225 1469 in
238 1420 354 1471 hostem.

122 1563 174 1610 iem
187 1563 253 1610 mari
266 1571 383 1625 terraque
396 1577 487 1612 manus
500 1561 612 1626 potentis

119 1649 211 1699 Medus
223 1649 388 1713 Albanasque
400 1652 472 1701 timet
485 1650 594 1709 securis,

67 1746 92 1786 tt
119 1737 172 1786 iem
185 1736 297 1803 Scythae
309 1755 431 1803 responsa
442 1747 548 1802 petunt,
562 1737 665 1802 superbi

120 1843 217 1892 nuper,
232 1837 257 1878 et
268 1829 342 1878 Indi.

120 1970 172 2019 ism
185 1971 260 2021 Fides
273 1979 297 2020 et
309 1971 368 2019 Pax
380 1979 405 2020 et
416 1969 507 2019 Honos
520 1969 660 2033 Pudorque

122 2060 217 2122 priscus
231 2068 255 2108 et
267 2059 384 2123 neglecte
396 2060 481 2108 redire
494 2058 584 2108 Virtus
655 2096 657 2100 ,

119 2147 196 2196 undet
208 2147 367 2211 adparetque
378 2146 456 2197 beata
468 2147 545 2211 pleno

66 2240 92 2279 to
119 2231 201 2298 Copia
214 2249 306 2287 eomu.

119 2390 200 2440 augur
212 2383 237 2425 et
251 2375 366 2440 fulgente
380 2377 487 2426 decorus
501 2392 562 2426 eren

117 2463 239 2514 Phoebus
252 2472 422 2528 acceptusque
434 2479 527 2515 novem
540 2467 667 2528 camenis,

119 2553 164 2617 qui
175 2552 281 2603 salutari
293 2554 361 2602 levet
373 2560 426 2602 arte
438 2552 519 2603 fessos

110 2641 230 2707 eorporis
242 2652 314 2695 artus
320 2680 328 2707 ,
