1784 3000
377 194 472 236 mama
488 195 511 236 1.

53 762 191 816 Scriberis
203 760 286 810 Vario
301 760 375 810 fortis
388 769 413 811 et
424 762 537 813 hostium

53 853 147 902 vietor
159 849 276 899 Maeonii
290 850 411 900 earminie
424 850 497 911 alite,

54 954 144 1005 quam
157 953 213 987 rem
225 952 337 1000 eumque
349 938 424 989 ferox
435 939 544 989 naribus
556 948 601 990 aut
613 941 685 1004 equis

54 1029 139 1079 miles
152 1035 178 1077 te
191 1027 255 1076 duce
267 1027 388 1090 gesserit.

12 1181 26 1221 a
55 1184 124 1230 noa,
142 1167 273 1232 Agrippa,
288 1181 371 1230 neque
382 1168 446 1218 haee
460 1168 559 1230 dicere,
573 1182 621 1218 nee
633 1184 738 1232 gravem

55 1256 174 1308 Pelidae
187 1255 348 1305 atamachum
361 1256 450 1306 cedere
462 1258 557 1318 neaeii,

56 1360 109 1398 nee
123 1358 215 1393 cursus
228 1343 336 1407 duplicia
348 1359 393 1407 per
405 1359 476 1395 mare
487 1345 588 1410 Ulixei,

59 1449 109 1484 nee
123 1446 230 1482 saevam
242 1431 347 1495 Pelopia
359 1432 465 1481 domurn

58 1589 206 1633 conamur,
222 1581 309 1623 tenues
321 1574 444 1637 grandia,
459 1574 520 1623 dum
533 1576 616 1637 pudor

10 1678 29 1716 ia
58 1662 220 1725 inbellisque
231 1661 302 1723 lyrae
314 1677 387 1711 musa
399 1671 491 1725 potens
502 1671 571 1714 vetat

58 1753 155 1804 laudas
167 1750 264 1814 egregii
277 1747 394 1799 Caesaris
407 1759 432 1800 et
444 1758 502 1800 tuae

60 1841 143 1905 culpa
156 1840 270 1889 deterere
283 1836 385 1900 ingeni.

61 1983 122 2047 quie
134 1981 247 2030 Martem
258 1980 346 2029 tunica
358 1986 454 2029 tectum
466 1981 634 2030 adamantina

61 2071 142 2136 digne
154 2067 297 2132 scripserit,
312 2075 357 2117 aut
369 2067 472 2131 pulvere
484 2068 581 2117 Troico

10 2168 33 2207 ra
61 2159 169 2224 nigrum
182 2156 332 2214 Merionen,
347 2163 392 2205 ant
405 2169 454 2219 ope
465 2156 579 2209 Palladis

63 2245 186 2311 Tydiden
199 2243 297 2307 superis
309 2244 417 2327 parem?

63 2402 111 2437 noa
124 2385 257 2445 convivia,
272 2399 320 2434 noa
332 2385 432 2449 proelia
444 2386 574 2450 virginum

64 2476 138 2526 aeetia
150 2475 179 2523 in
191 2474 295 2523 iuvenes
306 2474 435 2538 unguibus
447 2475 547 2523 aerium

64 2570 200 2612 cantamus
212 2561 302 2622 vacui,
317 2562 367 2611 sive
380 2562 442 2625 quid
454 2563 568 2626 urimur,

11 2659 37 2697 aa
60 2665 113 2698 non
120 2656 224 2710 praeter
232 2648 339 2700 aelirum
350 2650 434 2705 levas.

387 2802 463 2811 ...κ
