1770 2984
139 197 189 244 173
450 191 570 232 EPODOX

138 354 222 418 (nefas
233 353 331 418 videre)
344 355 479 418 dissipabit
491 355 616 403 insolens.

83 451 109 488 15
137 443 204 490 sorte
216 443 279 504 quid
293 445 414 506 expediat
426 444 598 492 communiter
610 451 656 490 aut
667 445 771 494 melior
784 464 849 511 pars

137 531 211 579 malis
223 546 309 579 carere
322 533 444 593 quaeritis
456 530 602 578 laboribus:

137 619 210 666 nulla
221 620 253 667 sit
266 619 315 666 hac
327 620 415 682 potior
426 620 567 674 sententia,
580 618 773 671 Phocaeorum

136 707 204 754 velut
217 706 333 770 profugit
345 715 479 756 exsecrata
490 707 580 755 civitas

138 810 212 858 agros
225 806 301 857 atque
311 796 373 843 laris
386 796 484 858 patrios
495 795 689 857 habitandaque
702 797 771 846 fana

138 884 206 946 apris
219 883 324 945 reliquit
337 893 361 931 et
373 884 508 947 rapacibus
519 884 602 946 lupis,

136 973 174 1019 ire
187 973 263 1034 pedes
275 987 438 1034 quocumque
451 972 547 1031 ferent,
568 986 734 1035 quocumque
745 989 800 1036 per
812 979 883 1027 unda

137 1069 213 1108 notus
225 1059 328 1107 vocabit
340 1069 385 1108 aut
397 1068 528 1122 protervus
538 1059 659 1108 Africus.

137 1149 173 1195 sic
186 1148 284 1211 placet,
299 1163 332 1195 an
346 1148 438 1196 melius
450 1150 508 1211 quis
519 1148 598 1197 habet
609 1149 736 1197 suadere?
754 1154 880 1202 secunda

137 1247 218 1284 ratem
231 1252 358 1299 occupare
371 1237 433 1298 quid
445 1252 577 1286 moramur
589 1237 670 1286 alite?

137 1325 180 1371 sed
193 1325 307 1372 iuremus
320 1325 347 1371 in
360 1324 439 1373 haec:
460 1325 537 1374 simul
549 1325 608 1373 imis
621 1339 685 1373 saxa
697 1327 821 1378 renarint

137 1412 209 1459 vadis
222 1413 319 1471 levata,
334 1427 365 1460 ne
378 1413 461 1462 redire
472 1414 505 1462 sit
517 1414 606 1472 nefas3

138 1515 187 1547 neu
201 1514 321 1548 conversa
335 1501 441 1548 domum
453 1502 540 1564 pigeat
552 1502 612 1549 dare
623 1501 715 1559 lintea,
731 1503 843 1563 quando

138 1588 223 1636 Padus
235 1589 337 1636 Matina
348 1588 439 1637 laverit
451 1590 599 1647 cacumina,

138 1675 165 1722 in
178 1690 248 1723 marc
261 1691 304 1723 seu
318 1677 399 1724 celsus
411 1678 567 1739 procurrerit
579 1677 761 1739 AppenninuS,

85 1773 110 1810 ao
137 1778 255 1824 novaque
268 1773 384 1812 monstra
395 1765 509 1813 iunxerit
520 1765 627 1813 libidine

138 1853 218 1899 mirus
232 1866 319 1912 amor,
334 1853 403 1900 iuvet
417 1861 444 1901 ut
457 1853 529 1914 tigris
541 1852 669 1900 subsidere
682 1849 775 1909 cervis,

139 1941 294 1988 adulteretur
306 1952 330 1988 et
344 1940 464 1989 columba
477 1941 573 2000 miluo,

139 2030 244 2076 credula
253 2044 301 2076 nec
313 2045 387 2077 ravos
400 2030 509 2077 timeant
521 2035 637 2077 armenta
647 2026 749 2085 leones,

140 2125 258 2178 ametque
271 2117 337 2164 salsa
351 2118 411 2164 levis
425 2117 510 2164 hircus
523 2131 651 2178 aequora.

140 2205 202 2251 hacc
216 2212 240 2252 et
253 2219 319 2266 quae
331 2213 452 2267 poterunt
465 2206 561 2252 reditus
575 2203 723 2253 abscindere
736 2202 819 2253 dulcis

139 2306 226 2338 eamus
240 2293 323 2339 omnis
336 2300 467 2341 exsecrata
479 2294 583 2354 civitas,

139 2388 183 2427 aut
196 2394 255 2441 pars
268 2380 376 2427 indocili
390 2380 482 2428 melior
494 2396 586 2444 grege3
607 2379 691 2429 mollis
705 2386 730 2428 et
742 2391 832 2442 exspes

140 2468 285 2515 inominata
297 2468 439 2531 perprimat
451 2467 563 2516 cubilia.

139 2570 183 2604 vos
197 2555 290 2618 quibus
304 2564 342 2604 cst
353 2557 445 2616 virtus,
462 2556 613 2605 muliebrem
626 2555 708 2605 tollite
721 2554 839 2617 luctum,

83 2653 111 2691 ro
136 2644 246 2694 Etrusca
258 2653 359 2710 praeter
372 2652 396 2693 et
408 2645 491 2693 volate
503 2645 593 2693 litora.
