<?xml version="1.0" encoding="UTF-8"?>
<!DOCTYPE html PUBLIC "-//W3C//DTD XHTML 1.0 Transitional//EN"
    "http://www.w3.org/TR/xhtml1/DTD/xhtml1-transitional.dtd">
<html xmlns="http://www.w3.org/1999/xhtml" xml:lang="en" lang="en">
 <head>
  <title>
</title>
<meta http-equiv="Content-Type" content="text/html;charset=utf-8" />
  <meta name='ocr-system' content='tesseract 3.04.00' />
  <meta name='ocr-capabilities' content='ocr_page ocr_carea ocr_par ocr_line ocrx_word'/>
</head>
<body>
  <div class='ocr_page' id='page_1' title='image "./qhoratiflacciop00vahlgoog_0350.png"; bbox 0 0 1784 3000; ppageno 0'>
   <div class='ocr_carea' id='block_1_1' title="bbox 369 193 810 246">
    <p class='ocr_par' dir='ltr' id='par_1_1' title="bbox 369 193 810 246">
     <span class='ocr_line' id='line_1_1' title="bbox 369 193 810 246; baseline -0.002 -11"><span class='ocrx_word' id='word_1_1' title='bbox 369 193 508 235; x_wconf 71' lang='grc'>0000000</span> <span class='ocrx_word' id='word_1_2' title='bbox 761 200 810 246; x_wconf 75' lang='lat'><strong>341</strong></span> 
     </span>
    </p>
   </div>
   <div class='ocr_carea' id='block_1_2' title="bbox 10 357 835 2719">
    <p class='ocr_par' dir='ltr' id='par_1_2' title="bbox 15 357 783 774">
     <span class='ocr_line' id='line_1_2' title="bbox 15 357 735 419; baseline 0.006 -18"><span class='ocrx_word' id='word_1_3' title='bbox 15 365 54 404; x_wconf 76' lang='grc'><strong>000</strong></span> <span class='ocrx_word' id='word_1_4' title='bbox 70 372 149 419; x_wconf 81' lang='lat' dir='ltr'><strong>quam</strong></span> <span class='ocrx_word' id='word_1_5' title='bbox 161 357 251 419; x_wconf 89' lang='lat' dir='ltr'><strong>lingua</strong></span> <span class='ocrx_word' id='word_1_6' title='bbox 264 357 384 417; x_wconf 90' lang='lat' dir='ltr'><strong>Latium,</strong></span> <span class='ocrx_word' id='word_1_7' title='bbox 400 359 421 405; x_wconf 90' lang='lat' dir='ltr'><strong>si</strong></span> <span class='ocrx_word' id='word_1_8' title='bbox 435 372 486 405; x_wconf 90' lang='lat' dir='ltr'><strong>non</strong></span> <span class='ocrx_word' id='word_1_9' title='bbox 502 357 643 406; x_wconf 83' lang='lat' dir='ltr'><strong>offenderet</strong></span> <span class='ocrx_word' id='word_1_10' title='bbox 656 373 735 405; x_wconf 89' lang='lat' dir='ltr'><strong>unum</strong></span> 
     </span>
     <span class='ocr_line' id='line_1_3' title="bbox 67 446 783 508; baseline 0.001 -16"><span class='ocrx_word' id='word_1_11' title='bbox 67 459 197 508; x_wconf 90' lang='lat' dir='ltr'><strong>quemque</strong></span> <span class='ocrx_word' id='word_1_12' title='bbox 211 455 347 507; x_wconf 88' lang='lat' dir='ltr'><strong>poetarum</strong></span> <span class='ocrx_word' id='word_1_13' title='bbox 360 446 438 495; x_wconf 84' lang='lat' dir='ltr'><strong>limae</strong></span> <span class='ocrx_word' id='word_1_14' title='bbox 450 447 525 494; x_wconf 85' lang='lat' dir='ltr'><strong>labor</strong></span> <span class='ocrx_word' id='word_1_15' title='bbox 538 455 563 495; x_wconf 88' lang='lat' dir='ltr'><strong>et</strong></span> <span class='ocrx_word' id='word_1_16' title='bbox 575 461 664 496; x_wconf 89' lang='lat' dir='ltr'><strong>mora.</strong></span> <span class='ocrx_word' id='word_1_17' title='bbox 691 460 751 506; x_wconf 86' lang='lat' dir='ltr'><strong>vos,</strong></span> <span class='ocrx_word' id='word_1_18' title='bbox 767 459 783 493; x_wconf 93' lang='lat' dir='ltr'><strong>o</strong></span> 
     </span>
     <span class='ocr_line' id='line_1_4' title="bbox 66 523 771 599; baseline 0.001 -18"><span class='ocrx_word' id='word_1_19' title='bbox 66 524 213 595; x_wconf 76' lang='lat' dir='ltr'>Pompilius</span> <span class='ocrx_word' id='word_1_20' title='bbox 226 534 344 596; x_wconf 81' lang='lat' dir='ltr'><strong>sanguis,</strong></span> <span class='ocrx_word' id='word_1_21' title='bbox 359 523 463 584; x_wconf 85' lang='lat' dir='ltr'><strong>carmen</strong></span> <span class='ocrx_word' id='word_1_22' title='bbox 475 536 621 599; x_wconf 87' lang='lat' dir='ltr'><strong>reprendite</strong></span> <span class='ocrx_word' id='word_1_23' title='bbox 635 535 704 597; x_wconf 86' lang='lat' dir='ltr'><strong>quod</strong></span> <span class='ocrx_word' id='word_1_24' title='bbox 717 549 771 582; x_wconf 89' lang='lat' dir='ltr'><strong>uon</strong></span> 
     </span>
     <span class='ocr_line' id='line_1_5' title="bbox 67 603 653 685; baseline 0.003 -15"><span class='ocrx_word' id='word_1_25' title='bbox 67 603 149 670; x_wconf 86' lang='lat' dir='ltr'><strong>multa</strong></span> <span class='ocrx_word' id='word_1_26' title='bbox 163 623 216 670; x_wconf 86' lang='lat' dir='ltr'><strong>dies</strong></span> <span class='ocrx_word' id='word_1_27' title='bbox 228 631 254 671; x_wconf 87' lang='lat' dir='ltr'><strong>et</strong></span> <span class='ocrx_word' id='word_1_28' title='bbox 265 622 347 670; x_wconf 84' lang='lat' dir='ltr'><strong>multa</strong></span> <span class='ocrx_word' id='word_1_29' title='bbox 360 623 437 672; x_wconf 87' lang='lat' dir='ltr'><strong>litura</strong></span> <span class='ocrx_word' id='word_1_30' title='bbox 450 625 564 672; x_wconf 82' lang='lat' dir='ltr'>coercuit</span> <span class='ocrx_word' id='word_1_31' title='bbox 576 632 653 685; x_wconf 85' lang='lat' dir='ltr'><strong>atque</strong></span> 
     </span>
     <span class='ocr_line' id='line_1_6' title="bbox 66 711 741 774; baseline 0.004 -16"><span class='ocrx_word' id='word_1_32' title='bbox 66 717 228 774; x_wconf 87' lang='lat' dir='ltr'><strong>praesectum</strong></span> <span class='ocrx_word' id='word_1_33' title='bbox 241 712 343 759; x_wconf 83' lang='lat' dir='ltr'><strong>deciens</strong></span> <span class='ocrx_word' id='word_1_34' title='bbox 354 725 408 759; x_wconf 93' lang='grc'><strong>000</strong></span> <span class='ocrx_word' id='word_1_35' title='bbox 421 711 557 774; x_wconf 82' lang='lat' dir='ltr'><strong>castigavit</strong></span> <span class='ocrx_word' id='word_1_36' title='bbox 569 711 601 758; x_wconf 88' lang='lat' dir='ltr'><strong>ad</strong></span> <span class='ocrx_word' id='word_1_37' title='bbox 615 726 741 773; x_wconf 83' lang='lat' dir='ltr'><strong>unguem.</strong></span> 
     </span>
    </p>

    <p class='ocr_par' dir='ltr' id='par_1_3' title="bbox 13 797 781 1216">
     <span class='ocr_line' id='line_1_7' title="bbox 13 797 618 864; baseline 0.005 -19"><span class='ocrx_word' id='word_1_38' title='bbox 13 808 51 846; x_wconf 79' lang='grc'><strong>000</strong></span> <span class='ocrx_word' id='word_1_39' title='bbox 63 799 201 864; x_wconf 67' lang='grc' dir='ltr'>00ςο0100]</span> <span class='ocrx_word' id='word_1_40' title='bbox 214 800 307 848; x_wconf 89' lang='lat' dir='ltr'><strong>misera</strong></span> <span class='ocrx_word' id='word_1_41' title='bbox 320 800 381 861; x_wconf 87' lang='lat' dir='ltr'><strong>quia</strong></span> <span class='ocrx_word' id='word_1_42' title='bbox 394 797 550 848; x_wconf 78' lang='lat' dir='ltr'><strong>fortunatius</strong></span> <span class='ocrx_word' id='word_1_43' title='bbox 563 808 618 848; x_wconf 83' lang='lat' dir='ltr'><strong>arte</strong></span> 
     </span>
     <span class='ocr_line' id='line_1_8' title="bbox 66 887 642 951; baseline 0 -14"><span class='ocrx_word' id='word_1_44' title='bbox 66 889 149 937; x_wconf 88' lang='lat' dir='ltr'><strong>credit</strong></span> <span class='ocrx_word' id='word_1_45' title='bbox 161 896 186 937; x_wconf 87' lang='lat' dir='ltr'><strong>et</strong></span> <span class='ocrx_word' id='word_1_46' title='bbox 199 888 314 936; x_wconf 81' lang='lat' dir='ltr'><strong>excludit</strong></span> <span class='ocrx_word' id='word_1_47' title='bbox 327 902 403 936; x_wconf 87' lang='lat' dir='ltr'><strong>sanos</strong></span> <span class='ocrx_word' id='word_1_48' title='bbox 416 887 540 937; x_wconf 90' lang='lat' dir='ltr'><strong>Helicone</strong></span> <span class='ocrx_word' id='word_1_49' title='bbox 553 896 642 951; x_wconf 83' lang='lat' dir='ltr'><strong>poetas</strong></span> 
     </span>
     <span class='ocr_line' id='line_1_9' title="bbox 65 976 781 1040; baseline -0.001 -16"><span class='ocrx_word' id='word_1_50' title='bbox 65 976 246 1037; x_wconf 83' lang='lat' dir='ltr'><strong>Democritus,</strong></span> <span class='ocrx_word' id='word_1_51' title='bbox 261 976 331 1025; x_wconf 85' lang='lat' dir='ltr'><strong>bona</strong></span> <span class='ocrx_word' id='word_1_52' title='bbox 343 992 402 1039; x_wconf 89' lang='lat' dir='ltr'><strong>pars</strong></span> <span class='ocrx_word' id='word_1_53' title='bbox 414 991 468 1025; x_wconf 92' lang='grc'><strong>000</strong></span> <span class='ocrx_word' id='word_1_54' title='bbox 480 977 572 1040; x_wconf 82' lang='lat' dir='ltr'><strong>unguis</strong></span> <span class='ocrx_word' id='word_1_55' title='bbox 585 991 680 1040; x_wconf 91' lang='lat' dir='ltr'><strong>ponere</strong></span> <span class='ocrx_word' id='word_1_56' title='bbox 693 984 781 1037; x_wconf 89' lang='lat' dir='ltr'><strong>curat,</strong></span> 
     </span>
     <span class='ocr_line' id='line_1_10' title="bbox 64 1065 765 1127; baseline 0 -13"><span class='ocrx_word' id='word_1_57' title='bbox 64 1080 118 1115; x_wconf 92' lang='lat' dir='ltr'><strong>non</strong></span> <span class='ocrx_word' id='word_1_58' title='bbox 132 1065 256 1123; x_wconf 85' lang='lat' dir='ltr'><strong>barbam,</strong></span> <span class='ocrx_word' id='word_1_59' title='bbox 272 1073 369 1114; x_wconf 84' lang='lat' dir='ltr'><strong>secreta</strong></span> <span class='ocrx_word' id='word_1_60' title='bbox 382 1065 447 1127; x_wconf 85' lang='lat' dir='ltr'><strong>petit</strong></span> <span class='ocrx_word' id='word_1_61' title='bbox 459 1065 532 1125; x_wconf 88' lang='lat' dir='ltr'><strong>ioca,</strong></span> <span class='ocrx_word' id='word_1_62' title='bbox 548 1065 643 1114; x_wconf 87' lang='lat' dir='ltr'><strong>balnea</strong></span> <span class='ocrx_word' id='word_1_63' title='bbox 655 1065 734 1114; x_wconf 88' lang='lat' dir='ltr'><strong>vitat.</strong></span> <span class='ocrx_word' id='word_1_64' title='bbox 764 1114 765 1118; x_wconf 69' lang='grc'>,</span> 
     </span>
     <span class='ocr_line' id='line_1_11' title="bbox 65 1153 715 1216; baseline 0 -14"><span class='ocrx_word' id='word_1_65' title='bbox 65 1155 230 1203; x_wconf 78' lang='lat' dir='ltr'><strong>nanciscetur</strong></span> <span class='ocrx_word' id='word_1_66' title='bbox 244 1154 312 1202; x_wconf 90' lang='lat' dir='ltr'><strong>enim</strong></span> <span class='ocrx_word' id='word_1_67' title='bbox 325 1153 436 1215; x_wconf 91' lang='lat' dir='ltr'><strong>pretium</strong></span> <span class='ocrx_word' id='word_1_68' title='bbox 448 1168 594 1215; x_wconf 88' lang='lat' dir='ltr'><strong>nomenque</strong></span> <span class='ocrx_word' id='word_1_69' title='bbox 607 1161 715 1216; x_wconf 90' lang='lat' dir='ltr'><strong>poetae,</strong></span> 
     </span>
    </p>

    <p class='ocr_par' dir='ltr' id='par_1_4' title="bbox 10 1242 730 1658">
     <span class='ocr_line' id='line_1_12' title="bbox 10 1242 730 1304; baseline 0.003 -16"><span class='ocrx_word' id='word_1_70' title='bbox 10 1249 49 1288; x_wconf 80' lang='grc'><strong>000</strong></span> <span class='ocrx_word' id='word_1_71' title='bbox 64 1245 85 1291; x_wconf 88' lang='lat' dir='ltr'><strong>si</strong></span> <span class='ocrx_word' id='word_1_72' title='bbox 98 1242 181 1290; x_wconf 87' lang='lat' dir='ltr'><strong>tribus</strong></span> <span class='ocrx_word' id='word_1_73' title='bbox 193 1242 327 1304; x_wconf 85' lang='lat' dir='ltr'><strong>Anticyris</strong></span> <span class='ocrx_word' id='word_1_74' title='bbox 341 1250 420 1304; x_wconf 90' lang='lat' dir='ltr'><strong>caput</strong></span> <span class='ocrx_word' id='word_1_75' title='bbox 432 1243 575 1291; x_wconf 75' lang='lat' dir='ltr'><strong>insanabile</strong></span> <span class='ocrx_word' id='word_1_76' title='bbox 587 1257 730 1304; x_wconf 84' lang='lat' dir='ltr'><strong>numquam</strong></span> 
     </span>
     <span class='ocr_line' id='line_1_13' title="bbox 64 1326 666 1395; baseline 0.002 -16"><span class='ocrx_word' id='word_1_77' title='bbox 64 1332 164 1379; x_wconf 89' lang='lat' dir='ltr'><strong>tonsori</strong></span> <span class='ocrx_word' id='word_1_78' title='bbox 177 1330 269 1379; x_wconf 84' lang='lat' dir='ltr'><strong>Licino</strong></span> <span class='ocrx_word' id='word_1_79' title='bbox 283 1331 448 1380; x_wconf 87' lang='lat' dir='ltr'><strong>conmiserit.</strong></span> <span class='ocrx_word' id='word_1_80' title='bbox 475 1345 490 1378; x_wconf 93' lang='grc'><strong>0</strong></span> <span class='ocrx_word' id='word_1_81' title='bbox 504 1345 551 1395; x_wconf 85' lang='lat' dir='ltr'><strong>ego</strong></span> <span class='ocrx_word' id='word_1_82' title='bbox 564 1326 666 1391; x_wconf 86' lang='lat' dir='ltr'><strong>laevus,</strong></span> 
     </span>
     <span class='ocr_line' id='line_1_14' title="bbox 64 1418 715 1483; baseline 0.002 -17"><span class='ocrx_word' id='word_1_83' title='bbox 64 1419 109 1482; x_wconf 85' lang='lat' dir='ltr'><strong>qui</strong></span> <span class='ocrx_word' id='word_1_84' title='bbox 124 1433 221 1482; x_wconf 87' lang='lat' dir='ltr'><strong>purgor</strong></span> <span class='ocrx_word' id='word_1_85' title='bbox 233 1419 313 1468; x_wconf 91' lang='lat' dir='ltr'><strong>bilem</strong></span> <span class='ocrx_word' id='word_1_86' title='bbox 326 1418 372 1467; x_wconf 91' lang='lat' dir='ltr'><strong>sub</strong></span> <span class='ocrx_word' id='word_1_87' title='bbox 386 1419 457 1467; x_wconf 91' lang='lat' dir='ltr'><strong>verni</strong></span> <span class='ocrx_word' id='word_1_88' title='bbox 471 1420 592 1483; x_wconf 89' lang='lat' dir='ltr'><strong>temporis</strong></span> <span class='ocrx_word' id='word_1_89' title='bbox 604 1419 715 1468; x_wconf 88' lang='lat' dir='ltr'><strong>horam.</strong></span> 
     </span>
     <span class='ocr_line' id='line_1_15' title="bbox 63 1507 686 1570; baseline 0 -15"><span class='ocrx_word' id='word_1_90' title='bbox 63 1522 118 1556; x_wconf 89' lang='lat' dir='ltr'><strong>nou</strong></span> <span class='ocrx_word' id='word_1_91' title='bbox 132 1508 198 1556; x_wconf 90' lang='lat' dir='ltr'><strong>alius</strong></span> <span class='ocrx_word' id='word_1_92' title='bbox 211 1507 308 1557; x_wconf 85' lang='lat' dir='ltr'><strong>faceret</strong></span> <span class='ocrx_word' id='word_1_93' title='bbox 320 1508 428 1557; x_wconf 84' lang='lat' dir='ltr'><strong>meliora</strong></span> <span class='ocrx_word' id='word_1_94' title='bbox 440 1518 575 1570; x_wconf 85' lang='lat' dir='ltr'><strong>poemata:</strong></span> <span class='ocrx_word' id='word_1_95' title='bbox 597 1523 686 1557; x_wconf 88' lang='lat' dir='ltr'><strong>verum</strong></span> 
     </span>
     <span class='ocr_line' id='line_1_16' title="bbox 63 1595 721 1658; baseline -0.003 -12"><span class='ocrx_word' id='word_1_96' title='bbox 63 1597 101 1646; x_wconf 88' lang='lat' dir='ltr'><strong>nil</strong></span> <span class='ocrx_word' id='word_1_97' title='bbox 114 1595 181 1644; x_wconf 85' lang='lat' dir='ltr'><strong>tanti</strong></span> <span class='ocrx_word' id='word_1_98' title='bbox 195 1604 245 1645; x_wconf 85' lang='lat' dir='ltr'><strong>est.</strong></span> <span class='ocrx_word' id='word_1_99' title='bbox 273 1611 333 1658; x_wconf 85' lang='lat' dir='ltr'><strong>ergo</strong></span> <span class='ocrx_word' id='word_1_100' title='bbox 347 1596 442 1658; x_wconf 81' lang='lat' dir='ltr'><strong>fungar</strong></span> <span class='ocrx_word' id='word_1_101' title='bbox 453 1596 508 1645; x_wconf 91' lang='lat' dir='ltr'><strong>vice</strong></span> <span class='ocrx_word' id='word_1_102' title='bbox 521 1598 600 1658; x_wconf 89' lang='lat' dir='ltr'><strong>cotis,</strong></span> <span class='ocrx_word' id='word_1_103' title='bbox 616 1604 721 1646; x_wconf 85' lang='lat' dir='ltr'><strong>acutum</strong></span> 
     </span>
    </p>

    <p class='ocr_par' dir='ltr' id='par_1_5' title="bbox 11 1684 807 2102">
     <span class='ocr_line' id='line_1_17' title="bbox 11 1684 761 1747; baseline 0.003 -18"><span class='ocrx_word' id='word_1_104' title='bbox 11 1691 49 1729; x_wconf 82' lang='grc'><strong>000</strong></span> <span class='ocrx_word' id='word_1_105' title='bbox 64 1685 171 1734; x_wconf 85' lang='lat' dir='ltr'><strong>reddere</strong></span> <span class='ocrx_word' id='word_1_106' title='bbox 184 1698 251 1745; x_wconf 89' lang='lat' dir='ltr'><strong>quae</strong></span> <span class='ocrx_word' id='word_1_107' title='bbox 266 1684 363 1733; x_wconf 79' lang='lat' dir='ltr'><strong>ferrum</strong></span> <span class='ocrx_word' id='word_1_108' title='bbox 376 1685 458 1744; x_wconf 87' lang='lat' dir='ltr'><strong>vaiet,</strong></span> <span class='ocrx_word' id='word_1_109' title='bbox 474 1699 560 1733; x_wconf 86' lang='lat' dir='ltr'><strong>exsors</strong></span> <span class='ocrx_word' id='word_1_110' title='bbox 572 1685 630 1747; x_wconf 82' lang='lat' dir='ltr'><strong>ipsa</strong></span> <span class='ocrx_word' id='word_1_111' title='bbox 643 1684 761 1732; x_wconf 90' lang='lat' dir='ltr'><strong>secandi:</strong></span> 
     </span>
     <span class='ocr_line' id='line_1_18' title="bbox 64 1771 736 1836; baseline -0.001 -15"><span class='ocrx_word' id='word_1_112' title='bbox 64 1788 160 1821; x_wconf 89' lang='lat' dir='ltr'><strong>munus</strong></span> <span class='ocrx_word' id='word_1_113' title='bbox 173 1781 198 1821; x_wconf 87' lang='grc'><strong>00</strong></span> <span class='ocrx_word' id='word_1_114' title='bbox 210 1772 343 1835; x_wconf 87' lang='lat' dir='ltr'><strong>officium,</strong></span> <span class='ocrx_word' id='word_1_115' title='bbox 357 1774 396 1822; x_wconf 90' lang='lat' dir='ltr'><strong>nil</strong></span> <span class='ocrx_word' id='word_1_116' title='bbox 409 1773 522 1822; x_wconf 86' lang='lat' dir='ltr'><strong>scribens</strong></span> <span class='ocrx_word' id='word_1_117' title='bbox 535 1773 606 1836; x_wconf 89' lang='lat' dir='ltr'><strong>ipse,</strong></span> <span class='ocrx_word' id='word_1_118' title='bbox 621 1771 736 1830; x_wconf 82' lang='lat' dir='ltr'><strong>docebo,</strong></span> 
     </span>
     <span class='ocr_line' id='line_1_19' title="bbox 62 1861 789 1925; baseline -0.004 -15"><span class='ocrx_word' id='word_1_119' title='bbox 62 1861 132 1910; x_wconf 88' lang='lat' dir='ltr'><strong>unde</strong></span> <span class='ocrx_word' id='word_1_120' title='bbox 144 1869 267 1923; x_wconf 85' lang='lat' dir='ltr'><strong>parentur</strong></span> <span class='ocrx_word' id='word_1_121' title='bbox 280 1877 356 1925; x_wconf 89' lang='lat' dir='ltr'><strong>opes,</strong></span> <span class='ocrx_word' id='word_1_122' title='bbox 372 1863 434 1925; x_wconf 89' lang='lat' dir='ltr'><strong>quid</strong></span> <span class='ocrx_word' id='word_1_123' title='bbox 446 1863 499 1911; x_wconf 85' lang='lat' dir='ltr'><strong>alat</strong></span> <span class='ocrx_word' id='word_1_124' title='bbox 512 1861 657 1922; x_wconf 81' lang='lat' dir='ltr'><strong>formetque</strong></span> <span class='ocrx_word' id='word_1_125' title='bbox 670 1869 789 1923; x_wconf 87' lang='lat' dir='ltr'><strong>poetam,</strong></span> 
     </span>
     <span class='ocr_line' id='line_1_20' title="bbox 63 1948 807 2013; baseline 0 -15"><span class='ocrx_word' id='word_1_126' title='bbox 63 1949 128 2013; x_wconf 88' lang='lat' dir='ltr'><strong>quid</strong></span> <span class='ocrx_word' id='word_1_127' title='bbox 142 1949 244 2010; x_wconf 84' lang='lat' dir='ltr'><strong>deceat,</strong></span> <span class='ocrx_word' id='word_1_128' title='bbox 260 1951 323 2012; x_wconf 88' lang='lat' dir='ltr'><strong>quid</strong></span> <span class='ocrx_word' id='word_1_129' title='bbox 334 1964 402 2010; x_wconf 91' lang='lat' dir='ltr'><strong>non,</strong></span> <span class='ocrx_word' id='word_1_130' title='bbox 418 1965 469 2012; x_wconf 90' lang='lat' dir='ltr'><strong>quo</strong></span> <span class='ocrx_word' id='word_1_131' title='bbox 480 1950 573 2008; x_wconf 83' lang='lat' dir='ltr'><strong>virtue,</strong></span> <span class='ocrx_word' id='word_1_132' title='bbox 590 1964 641 2011; x_wconf 94' lang='lat' dir='ltr'><strong>quo</strong></span> <span class='ocrx_word' id='word_1_133' title='bbox 654 1948 721 1997; x_wconf 86' lang='lat' dir='ltr'><strong>ferat</strong></span> <span class='ocrx_word' id='word_1_134' title='bbox 728 1962 807 1998; x_wconf 89' lang='lat' dir='ltr'><strong>error.</strong></span> 
     </span>
     <span class='ocr_line' id='line_1_21' title="bbox 63 2036 758 2102; baseline -0.004 -15"><span class='ocrx_word' id='word_1_135' title='bbox 63 2036 194 2087; x_wconf 90' lang='lat' dir='ltr'><strong>scribendi</strong></span> <span class='ocrx_word' id='word_1_136' title='bbox 207 2047 274 2088; x_wconf 88' lang='lat' dir='ltr'><strong>reete</strong></span> <span class='ocrx_word' id='word_1_137' title='bbox 287 2053 378 2102; x_wconf 86' lang='lat' dir='ltr'><strong>sapere</strong></span> <span class='ocrx_word' id='word_1_138' title='bbox 392 2047 429 2088; x_wconf 90' lang='lat' dir='ltr'><strong>est</strong></span> <span class='ocrx_word' id='word_1_139' title='bbox 441 2047 466 2088; x_wconf 88' lang='lat' dir='ltr'><strong>et</strong></span> <span class='ocrx_word' id='word_1_140' title='bbox 478 2038 635 2102; x_wconf 89' lang='lat' dir='ltr'><strong>principium</strong></span> <span class='ocrx_word' id='word_1_141' title='bbox 647 2045 673 2086; x_wconf 88' lang='lat' dir='ltr'><strong>et</strong></span> <span class='ocrx_word' id='word_1_142' title='bbox 685 2036 758 2085; x_wconf 78' lang='lat' dir='ltr'><strong>fons.</strong></span> 
     </span>
    </p>

    <p class='ocr_par' dir='ltr' id='par_1_6' title="bbox 14 2124 835 2543">
     <span class='ocr_line' id='line_1_22' title="bbox 14 2124 752 2191; baseline 0.004 -21"><span class='ocrx_word' id='word_1_143' title='bbox 14 2131 50 2170; x_wconf 80' lang='lat' dir='ltr'><strong>tro</strong></span> <span class='ocrx_word' id='word_1_144' title='bbox 65 2141 120 2175; x_wconf 92' lang='lat' dir='ltr'><strong>rem</strong></span> <span class='ocrx_word' id='word_1_145' title='bbox 133 2125 181 2174; x_wconf 85' lang='lat' dir='ltr'><strong>tibi</strong></span> <span class='ocrx_word' id='word_1_146' title='bbox 194 2124 342 2177; x_wconf 77' lang='lat' dir='ltr'><strong>Socraticae</strong></span> <span class='ocrx_word' id='word_1_147' title='bbox 355 2135 477 2191; x_wconf 88' lang='lat' dir='ltr'><strong>poterunt</strong></span> <span class='ocrx_word' id='word_1_148' title='bbox 487 2127 620 2176; x_wconf 85' lang='lat' dir='ltr'><strong>ostendere</strong></span> <span class='ocrx_word' id='word_1_149' title='bbox 634 2126 752 2185; x_wconf 88' lang='lat' dir='ltr'><strong>chartae,</strong></span> 
     </span>
     <span class='ocr_line' id='line_1_23' title="bbox 62 2214 722 2277; baseline -0.002 -15"><span class='ocrx_word' id='word_1_150' title='bbox 62 2214 192 2276; x_wconf 84' lang='lat' dir='ltr'><strong>verbaque</strong></span> <span class='ocrx_word' id='word_1_151' title='bbox 204 2215 333 2277; x_wconf 84' lang='lat' dir='ltr'><strong>provisam</strong></span> <span class='ocrx_word' id='word_1_152' title='bbox 344 2230 400 2264; x_wconf 90' lang='lat' dir='ltr'><strong>rem</strong></span> <span class='ocrx_word' id='word_1_153' title='bbox 412 2231 466 2264; x_wconf 92' lang='lat' dir='ltr'><strong>non</strong></span> <span class='ocrx_word' id='word_1_154' title='bbox 479 2215 561 2264; x_wconf 80' lang='lat' dir='ltr'><strong>invita</strong></span> <span class='ocrx_word' id='word_1_155' title='bbox 569 2221 722 2277; x_wconf 87' lang='lat' dir='ltr'><strong>sequentur.</strong></span> 
     </span>
     <span class='ocr_line' id='line_1_24' title="bbox 62 2302 734 2366; baseline 0.001 -15"><span class='ocrx_word' id='word_1_156' title='bbox 62 2304 108 2365; x_wconf 88' lang='lat' dir='ltr'><strong>qui</strong></span> <span class='ocrx_word' id='word_1_157' title='bbox 122 2303 213 2352; x_wconf 88' lang='lat' dir='ltr'><strong>didicit</strong></span> <span class='ocrx_word' id='word_1_158' title='bbox 224 2304 324 2366; x_wconf 84' lang='lat' dir='ltr'><strong>patriae</strong></span> <span class='ocrx_word' id='word_1_159' title='bbox 337 2304 399 2366; x_wconf 89' lang='lat' dir='ltr'><strong>quid</strong></span> <span class='ocrx_word' id='word_1_160' title='bbox 412 2304 503 2352; x_wconf 87' lang='lat' dir='ltr'><strong>debeat</strong></span> <span class='ocrx_word' id='word_1_161' title='bbox 516 2303 616 2366; x_wconf 85' lang='lat' dir='ltr'><strong>etquid</strong></span> <span class='ocrx_word' id='word_1_162' title='bbox 629 2302 734 2363; x_wconf 82' lang='lat' dir='ltr'><strong>amicis,</strong></span> 
     </span>
     <span class='ocr_line' id='line_1_25' title="bbox 62 2391 835 2456; baseline -0.005 -17"><span class='ocrx_word' id='word_1_163' title='bbox 62 2406 115 2454; x_wconf 88' lang='lat' dir='ltr'><strong>quo</strong></span> <span class='ocrx_word' id='word_1_164' title='bbox 128 2391 161 2440; x_wconf 86' lang='lat' dir='ltr'><strong>sit</strong></span> <span class='ocrx_word' id='word_1_165' title='bbox 173 2405 261 2440; x_wconf 91' lang='lat' dir='ltr'><strong>amore</strong></span> <span class='ocrx_word' id='word_1_166' title='bbox 274 2407 379 2456; x_wconf 89' lang='lat' dir='ltr'><strong>parens,</strong></span> <span class='ocrx_word' id='word_1_167' title='bbox 395 2407 446 2454; x_wconf 91' lang='lat' dir='ltr'><strong>quo</strong></span> <span class='ocrx_word' id='word_1_168' title='bbox 460 2393 538 2440; x_wconf 79' lang='lat' dir='ltr'><strong>frater</strong></span> <span class='ocrx_word' id='word_1_169' title='bbox 551 2391 675 2441; x_wconf 88' lang='lat' dir='ltr'><strong>amandus</strong></span> <span class='ocrx_word' id='word_1_170' title='bbox 689 2399 713 2438; x_wconf 93' lang='grc'><strong>00</strong></span> <span class='ocrx_word' id='word_1_171' title='bbox 725 2391 835 2452; x_wconf 85' lang='lat' dir='ltr'><strong>hospes,</strong></span> 
     </span>
     <span class='ocr_line' id='line_1_26' title="bbox 63 2479 762 2543; baseline -0.007 -15"><span class='ocrx_word' id='word_1_172' title='bbox 63 2479 134 2542; x_wconf 90' lang='lat' dir='ltr'><strong>quod</strong></span> <span class='ocrx_word' id='word_1_173' title='bbox 147 2479 179 2528; x_wconf 86' lang='lat' dir='ltr'><strong>sit</strong></span> <span class='ocrx_word' id='word_1_174' title='bbox 191 2480 345 2543; x_wconf 85' lang='lat' dir='ltr'><strong>conscripti,</strong></span> <span class='ocrx_word' id='word_1_175' title='bbox 360 2481 429 2542; x_wconf 93' lang='lat' dir='ltr'><strong>quod</strong></span> <span class='ocrx_word' id='word_1_176' title='bbox 442 2480 535 2528; x_wconf 88' lang='lat' dir='ltr'><strong>iudicis</strong></span> <span class='ocrx_word' id='word_1_177' title='bbox 548 2480 679 2539; x_wconf 83' lang='lat' dir='ltr'><strong>officium,</strong></span> <span class='ocrx_word' id='word_1_178' title='bbox 695 2492 762 2540; x_wconf 90' lang='lat' dir='ltr'><strong>quae</strong></span> 
     </span>
    </p>

    <p class='ocr_par' dir='ltr' id='par_1_7' title="bbox 14 2567 722 2719">
     <span class='ocr_line' id='line_1_27' title="bbox 14 2567 682 2632; baseline -0.004 -18"><span class='ocrx_word' id='word_1_179' title='bbox 14 2569 48 2614; x_wconf 76' lang='grc'><strong>310</strong></span> <span class='ocrx_word' id='word_1_180' title='bbox 62 2576 147 2632; x_wconf 86' lang='lat' dir='ltr'><strong>partes</strong></span> <span class='ocrx_word' id='word_1_181' title='bbox 160 2568 186 2615; x_wconf 89' lang='lat' dir='ltr'><strong>iu</strong></span> <span class='ocrx_word' id='word_1_182' title='bbox 200 2567 296 2616; x_wconf 89' lang='lat' dir='ltr'><strong>bellum</strong></span> <span class='ocrx_word' id='word_1_183' title='bbox 309 2569 380 2617; x_wconf 88' lang='lat' dir='ltr'><strong>missi</strong></span> <span class='ocrx_word' id='word_1_184' title='bbox 394 2569 484 2628; x_wconf 89' lang='lat' dir='ltr'><strong>ducis,</strong></span> <span class='ocrx_word' id='word_1_185' title='bbox 496 2568 682 2631; x_wconf 58' lang='lat' dir='ltr'><strong>iiieproiecno</strong></span> 
     </span>
     <span class='ocr_line' id='line_1_28' title="bbox 57 2653 722 2719; baseline 0.003 -16"><span class='ocrx_word' id='word_1_186' title='bbox 57 2656 168 2704; x_wconf 83' lang='lat' dir='ltr'><strong>reddere</strong></span> <span class='ocrx_word' id='word_1_187' title='bbox 176 2670 309 2719; x_wconf 78' lang='lat' dir='ltr'><strong>personae</strong></span> <span class='ocrx_word' id='word_1_188' title='bbox 322 2658 372 2709; x_wconf 79' lang='lat' dir='ltr'><strong>scit</strong></span> <span class='ocrx_word' id='word_1_189' title='bbox 385 2657 584 2710; x_wconf 78' lang='lat' dir='ltr'><strong>conuenientia</strong></span> <span class='ocrx_word' id='word_1_190' title='bbox 594 2653 701 2711; x_wconf 55' lang='lat' dir='ltr'><strong>cursans</strong></span> <span class='ocrx_word' id='word_1_191' title='bbox 715 2681 722 2691; x_wconf 86' lang='lat'><em>·</em></span> 
     </span>
    </p>
   </div>
   <div class='ocr_carea' id='block_1_3' title="bbox 0 0 896 3000">
    <p class='ocr_par' dir='ltr' id='par_1_8' title="bbox 0 0 896 3000">
     <span class='ocr_line' id='line_1_29' title="bbox 0 0 896 3000; baseline 0 0"><span class='ocrx_word' id='word_1_192' title='bbox 0 0 896 3000; x_wconf 95' lang='lat' dir='ltr'><strong> </strong></span> 
     </span>
    </p>
   </div>
  </div>
 </body>
</html>
