1770 2984
375 184 470 224 LIBER
485 186 509 224 1.

68 350 124 397 lidis
138 349 254 397 offendar
267 348 388 407 medicis,
404 347 500 395 irascor
514 347 618 407 amicis,

12 443 38 479 1⁰
67 452 112 484 cur
125 451 166 485 me
179 436 281 485 funesto
294 443 430 497 properent
443 449 529 484 arcere
542 444 647 491 veterno
658 453 664 494 3

66 539 132 588 quse
144 538 255 573 nocuere
265 538 369 585 sequar,
385 523 484 586 fugiam
498 539 565 586 quae
575 523 680 587 profore
693 524 813 582 credam

65 612 164 661 Romae
178 612 260 660 Tibur
274 626 360 661 amem
372 620 507 672 ventosus,
523 611 620 661 Tibure
633 612 758 660 Romam.
811 649 814 653 ,

64 702 214 764 posthaec,
228 709 257 749 ut
269 700 369 760 valeat,
386 713 438 762 quo
451 707 528 762 pacto
542 714 595 748 rem
609 709 682 762 gerat
695 709 720 749 et
733 714 775 759 se,

64 797 93 837 ut
105 788 207 851 placeat
219 788 306 838 iuveni
319 795 470 851 percontare
481 795 561 850 utque
575 788 693 838 cohorti.

64 877 86 926 si
99 871 182 925 dicet‘
192 869 288 938 recte’,
303 876 416 939 primurn
429 876 554 940 gaudere,
569 875 676 924 subinde

64 973 230 1028 praeceptum
243 964 367 1013 auriculis
380 963 429 1013 hoc
442 962 568 1013 instillare
582 972 726 1022 memento,

63 1060 92 1100 ut
104 1060 132 1100 tu
145 1052 293 1113 fortunam,
308 1052 344 1101 sio
356 1067 404 1101 nos
416 1060 457 1111 te,
472 1051 561 1113 Celso,
576 1053 704 1100 feremus.

358 1231 517 1238 ———

389 1406 481 1455 VIIII.

62 1579 215 1643 Septimius,
231 1579 340 1640 Claudi,
355 1582 478 1631 nimirum
492 1583 618 1647 intellegit
631 1596 712 1641 unus,

63 1669 151 1731 quanti
165 1683 206 1718 me
219 1669 314 1718 secius.
343 1685 404 1718 num
418 1685 477 1718 cum
489 1677 564 1734 rogat
577 1678 603 1719 et
614 1685 690 1734 prece
703 1670 773 1733 cogit

62 1758 159 1806 scilicet
171 1765 200 1806 ut
212 1757 259 1805 tibi
272 1772 298 1806 sc
311 1757 416 1806 laudare
429 1765 454 1806 et
466 1757 565 1806 tradere
578 1772 671 1819 coner,

61 1846 169 1910 dignum
181 1853 266 1894 mente
279 1846 407 1908 domoque
419 1845 528 1910 legentis
540 1845 648 1894 honesta
659 1844 782 1902 Neronis3

61 1948 168 1982 munere
181 1949 240 1982 cum
253 1933 328 1996 fungi
341 1933 470 1997 propioris
483 1941 568 1983 censet
581 1933 674 1991 amici3

62 2022 123 2083 quid
137 2021 234 2083 possim
246 2022 316 2070 videt
328 2035 359 2071 ac
371 2021 443 2071 novit
457 2035 498 2070 me
509 2021 608 2070 valdius
620 2021 693 2084 ipsc.
731 2067 733 2072 ,

61 2109 142 2157 multe
156 2109 260 2171 quidem
273 2109 329 2157 dixi
342 2123 388 2157 our
400 2116 537 2159 excusatus
550 2110 662 2167 ubirem;

61 2197 104 2246 sed
117 2197 193 2245 timui
206 2211 263 2245 mec
276 2210 308 2245 ue
321 2195 426 2246 finxisse
438 2196 541 2246 minora
553 2205 674 2262 putarer,

60 2284 235 2333 dissimulator
248 2285 303 2348 opis
315 2285 451 2348 propriae,
466 2284 531 2333 mihi
544 2286 695 2335 commodus
708 2287 768 2337 uni.

60 2373 97 2422 sic
110 2386 173 2437 ego,
188 2373 294 2422 maioris
307 2373 409 2437 lugiens
422 2373 560 2436 opprobria
572 2374 678 2438 culpae,

60 2461 152 2509 frontis
165 2461 198 2509 sd
211 2461 326 2510 urbanae
339 2460 458 2510 descendi
472 2462 603 2524 praemia.
631 2463 722 2526 quodsi

59 2548 204 2612 depositum
216 2549 307 2598 laudas
321 2549 355 2597 ob
368 2549 446 2598 amici
458 2549 528 2599 iussa
540 2551 680 2614 pudorem,

60 2635 141 2686 scribe
153 2638 191 2686 tui
205 2637 288 2703 gregis
301 2638 370 2687 hunc
383 2647 407 2688 et
420 2637 514 2686 fortem
527 2639 601 2688 crede
614 2639 774 2700 bonumque.
