1770 2984
82 204 131 250 192
364 195 544 237 sarmarum

82 362 167 409 desine
181 368 311 408 matronas
324 360 457 420 sectarier,
473 360 541 408 unde
554 359 649 407 laboris

82 450 139 512 plus
152 449 254 496 haurire
268 449 330 495 muli
344 456 380 496 est
393 463 471 509 quam
485 462 517 495 ex
530 463 557 496 re
570 448 708 510 decerpere
723 450 839 502 fructur.

44 548 69 584 80
83 553 130 586 nec
143 539 225 600 magis
238 537 312 598 huic,
328 537 395 584 inter
406 536 494 584 niveos
507 535 645 597 viridisque
658 534 768 598 lapillos

83 628 115 674 sit
127 627 200 686 licet,
215 627 277 684 hoc,
295 624 430 682 Cerinthe,
446 631 490 672 tuo
503 632 621 673 tenerum
632 632 669 672 est
680 624 771 675 femur
782 634 852 677 autc
869 648 873 667 ι

83 716 192 773 rectius,
215 722 291 775 atquc
305 714 382 762 etiam
396 712 488 760 melius
500 726 621 776 persaepe
634 720 783 776 togataest.

84 804 148 850 adde
162 804 213 850 huc
226 802 294 863 quod
309 816 421 849 mercem
434 801 488 849 sine
502 801 567 849 fucis
580 808 675 862 gestat,
692 812 786 865 aperte

85 893 153 953 qued
168 890 255 939 venale
269 889 347 938 habet
360 892 482 951 ostendit,
498 904 546 939 nec
558 889 642 950 siquid
655 889 789 942 honestist

45 990 70 1026 et>
84 981 162 1028 iactat
176 980 303 1040 habetque
317 979 416 1040 palam,
431 979 531 1040 quaerit
544 993 594 1039 quo
607 978 694 1040 turpia
708 979 793 1030 celet.

85 1069 186 1131 regibus
198 1067 240 1115 hic
253 1082 309 1115 mos
323 1075 372 1128 cst,
389 1066 434 1115 ubi
448 1080 527 1129 equos
539 1074 701 1115 mercantur:
727 1077 836 1130 opertos

84 1157 238 1219 inspiciunt,
253 1156 319 1203 nesi
333 1155 425 1215 facies,
441 1161 470 1202 ut
482 1169 571 1217 saepe,
586 1155 680 1202 decora

85 1245 159 1292 molli
173 1244 237 1291 fulta
250 1244 314 1305 pede
327 1250 376 1302 cst,
392 1252 534 1304 emptorem
547 1242 652 1290 inducat
664 1242 803 1305 hiantem,

86 1333 154 1393 quod
168 1332 289 1394 pulchrae
303 1331 402 1390 clunes,
418 1329 494 1379 breve
508 1331 577 1392 quod
590 1337 678 1393 caput,
695 1333 782 1383 ardua
794 1336 880 1385 cervix

47 1432 72 1468 90
87 1422 136 1468 hoc
150 1420 188 1467 illi
201 1429 283 1468 recte:
305 1435 337 1468 ne
351 1419 464 1480 corporis
478 1420 576 1481 optima
587 1418 685 1482 Lyncei

87 1509 258 1569 contemplere
272 1509 366 1566 oculis,
382 1505 501 1570 Hypsaea
514 1507 617 1556 caecior
628 1507 675 1555 illa

87 1611 152 1657 quae
166 1596 234 1642 mala
247 1605 306 1643 sunt
318 1603 429 1658 spectes.
452 1587 480 1643 ‘o
494 1610 564 1656 crus,
581 1610 595 1643 o
609 1596 734 1646 bracchia
743 1598 764 1646 l'
789 1615 875 1650 verum

87 1686 206 1748 depugis,
222 1694 328 1744 nasuta,
345 1684 414 1732 brevi
426 1684 506 1732 latere
519 1699 550 1732 ac
562 1685 626 1745 pede
638 1682 759 1748 longost.

87 1781 221 1821 matronae
235 1781 333 1835 praeter
347 1773 439 1820 faciem
452 1772 490 1819 nil
504 1786 607 1820 cernere
619 1773 715 1834 possis,

49 1872 73 1909 95
89 1874 187 1920 cetera,
203 1863 230 1910 ni
245 1862 319 1910 Catia
333 1868 383 1921 est,
399 1860 508 1908 demissa
520 1869 586 1910 veste
599 1861 722 1923 tegentis.

88 1952 108 1999 si
121 1952 259 1999 interdicta
272 1957 356 2012 petes,
372 1949 437 1996 vallo
451 1948 611 1996 circumdata
624 1946 697 2011 (nam
710 1957 737 1999 te

88 2041 138 2087 hoc
151 2041 213 2087 facit
226 2036 374 2101 insanum),
390 2037 486 2085 multae
498 2037 546 2084 tibi
559 2045 615 2085 tum
628 2036 748 2087 officient
761 2055 817 2101 res,

88 2129 218 2187 custodes,
234 2127 338 2186 lectica,
355 2125 499 2184 ciniflones,
515 2125 655 2186 parasitae,

89 2216 121 2261 ad
134 2216 199 2262 talos
212 2216 277 2262 stola
291 2215 401 2263 demissa
414 2224 438 2262 et
451 2214 609 2262 circumdata
622 2212 705 2276 palla,

37 2313 75 2348 100
90 2303 203 2365 plurima
217 2318 281 2363 quae
294 2304 426 2351 invideant
439 2317 503 2364 pure
516 2302 637 2365 adparere
650 2301 699 2349 tibi
711 2317 784 2352 rem.

88 2391 184 2451 altera,
201 2390 238 2438 nil
251 2391 350 2449 obstat,
373 2390 433 2438 Cois
447 2391 492 2440 tibi
507 2404 588 2454 paene
601 2388 711 2438 viderest

88 2488 115 2527 ut
128 2480 238 2537 nudam,
254 2494 286 2526 ne
300 2494 373 2527 crure
386 2479 469 2537 malo,
485 2493 518 2527 nc
531 2479 563 2527 sit
576 2478 640 2540 pede
653 2478 740 2541 turpi;

89 2568 173 2616 metiri
187 2567 267 2630 possis
282 2569 357 2616 oculo
371 2568 452 2615 latus.
480 2583 513 2615 an
527 2566 575 2615 tibi
589 2565 670 2613 mavis

83 2656 192 2705 insidias
205 2655 261 2706 lieri
274 2658 438 2723 pretiumque
451 2655 552 2705 avellier
564 2663 623 2704 ante
