1784 3000
406 161 503 202 manu
515 163 540 201 1.

55 329 67 366 a
98 323 165 371 inter
178 323 324 370 Minturnas
337 321 571 385 Sinuessanumque
582 322 728 372 Petrinum.

97 410 119 458 si
132 410 224 459 melius
237 410 300 472 quid
312 410 405 471 habes,
419 426 532 471 arcesse3
547 413 586 461 vel
597 412 735 474 imperium
747 410 801 460 fer.

96 498 241 546 iandudum
254 499 369 561 splendet
382 499 456 548 focus
468 511 493 549 et
505 499 554 548 tibi
566 500 663 549 munda
674 498 805 562 supellex.

97 587 170 635 mitte
183 587 246 636 levis
258 601 314 649 spes
327 595 351 634 et
364 588 505 636 certamina
517 589 666 636 diritiarum

97 682 121 724 et
134 675 237 724 Moschi
249 688 368 723 oausam:
384 689 441 722 cras
452 683 515 723 nato
527 674 636 725 Caesare
647 675 727 724 festus

97 763 141 811 dat
153 762 255 812 veniam
268 778 440 826 somnumque
452 763 522 822 dies;
536 763 633 826 inpune
645 763 733 812 licebit

97 850 215 899 festivam
226 865 344 900 sermone
356 851 468 915 benigno
480 851 583 901 tendere
594 861 712 901 noctem.

98 954 148 1001 quo
162 940 227 987 mihi
240 941 387 1000 somonam,
401 940 424 987 si
436 953 490 988 non
502 940 653 988 conceditur
664 939 721 989 uti?

99 1042 191 1090 porcus
204 1027 237 1076 ob
251 1028 353 1077 heredis
364 1043 454 1076 curam
465 1028 627 1090 nimiumque
638 1043 738 1078 merus

98 1117 196 1166 adsidet
208 1117 314 1165 insano.
341 1123 432 1179 potare
445 1124 470 1164 et
482 1131 601 1179 spargere
613 1116 687 1166 florea

97 1205 223 1267 incipiam
236 1205 371 1267 patiarque
382 1204 422 1253 vel
434 1203 596 1254 inconsultus
608 1204 711 1254 haberi.

96 1295 159 1355 quid
172 1308 225 1342 non
238 1292 347 1342 ebrietas
360 1292 494 1356 designat?
506 1302 596 1356 operta
608 1293 733 1353 recludit,

95 1397 150 1444 spes
163 1381 236 1430 iubet
248 1395 301 1429 esse
313 1389 396 1440 ratas,
410 1381 444 1430 ad
455 1382 553 1444 proelia
566 1381 645 1432 trudit
656 1383 779 1443 inertem,

95 1470 212 1518 sollicitis
225 1471 317 1518 animis
329 1484 394 1519 onus
406 1471 513 1530 eximit,
527 1470 638 1520 addocet
649 1471 724 1520 artis.

95 1559 198 1608 fecundi
211 1559 302 1608 culices
314 1573 392 1621 quem
404 1574 457 1608 non
471 1560 554 1608 secere
567 1559 708 1608 disertum?

94 1655 225 1696 contracte
237 1662 315 1710 quem
327 1662 381 1696 uon
393 1649 420 1695 in
435 1655 586 1710 paupertate
597 1647 729 1696 solutum?

93 1736 157 1785 haec
171 1750 218 1801 ego
231 1750 369 1799 procurare
382 1743 407 1785 et
419 1735 527 1783 idoneus
539 1736 653 1796 imperor
665 1746 690 1783 et
702 1749 756 1783 non

93 1825 200 1885 invitus,
215 1839 247 1873 ne
259 1834 335 1887 turpe
347 1823 428 1881 toral,
442 1838 477 1871 nc
487 1822 592 1871 sordida
603 1837 700 1885 mappa

94 1922 215 1978 corruget
226 1914 312 1972 naris,
327 1927 360 1962 ue
373 1925 426 1960 non
438 1920 463 1960 et
476 1911 615 1960 cantharus
626 1920 652 1960 et
663 1910 728 1959 lanx

94 2002 212 2050 ostendat
224 2001 272 2049 tibi
284 2010 325 2061 te,
339 2016 373 2050 ne
387 2000 452 2050 fidos
463 1999 531 2048 inter
543 2000 641 2048 amicos

43 2100 66 2138 25
93 2091 125 2137 sit
139 2089 184 2152 qui
198 2089 268 2138 dicta
279 2089 350 2137 foras
361 2088 492 2148 eliminet,
507 2096 536 2136 ut
549 2096 624 2137 coeat
635 2102 683 2152 par

92 2181 266 2241 iungaturque
279 2177 349 2240 pari.
376 2176 486 2226 Butram
497 2176 548 2226 tibi
560 2175 752 2241 Septiciumque

93 2278 118 2317 et
130 2269 180 2316 nisi
193 2281 257 2315 cena
268 2266 340 2330 prior
352 2266 489 2330 potiorque
501 2264 589 2328 puella
600 2263 726 2315 Sabinum

93 2357 190 2405 detinet
202 2356 350 2405 adsumam.
375 2355 449 2404 locus
461 2364 499 2404 est
511 2364 536 2403 et
547 2352 661 2418 pluribus
673 2357 781 2405 umbris:

91 2445 135 2493 sed
148 2445 226 2493 nimis
240 2454 296 2492 arta
307 2453 427 2507 premunt
439 2443 523 2492 olidae
534 2444 653 2493 convivia
665 2459 769 2508 caprae.

43 2542 64 2580 so
92 2542 119 2583 tu
134 2541 227 2595 quotus
239 2546 293 2581 esse
305 2532 367 2581 velis
380 2532 488 2583 rescribe
499 2542 525 2582 et
536 2532 614 2582 rebus
624 2533 734 2583 omissis

88 2624 153 2669 arria
165 2633 308 2679 serranum
318 2623 424 2688 postico
437 2623 501 2678 falle
514 2625 658 2678 clientem.
