1770 2984
368 103 462 158 urrann
476 119 500 156 r.

377 421 469 471 XVIII
478 462 483 471 .

59 635 87 684 Si
101 635 167 683 bene
180 642 205 683 te
218 634 288 693 novi,
304 641 412 693 metues,
427 633 557 682 liberrime
570 631 654 692 Lolli,

58 723 198 772 scurrantis
210 722 320 785 speciem
332 722 471 785 praebere,
486 720 615 784 professus
628 721 757 770 amicum.

58 820 88 860 ut
99 818 219 860 matrona
231 811 361 860 meretrici
374 809 461 872 dispar
473 810 522 858 erit
534 816 611 871 atque

59 899 187 957 discolor,
201 897 282 946 infido
295 896 397 948 scuriae
409 898 516 947 distabit
528 897 643 947 amicus.

59 997 98 1037 est
110 987 171 1035 huic
184 987 312 1035 diversum
323 986 387 1036 vitio
399 987 492 1035 vitium
505 1001 585 1050 prope
597 987 697 1047 maius,

59 1076 183 1140 asperitas
195 1075 301 1139 agrestis
313 1082 338 1124 et
350 1074 507 1124 inconcinna
520 1075 667 1137 gravisque,

60 1179 126 1227 quac
141 1179 167 1213 se
179 1163 344 1212 commendat
356 1170 431 1213 tonsa
443 1172 517 1222 cute,
533 1163 652 1212 dentibus
666 1164 742 1225 atris,

60 1254 122 1301 dum
135 1253 187 1301 volt
199 1252 303 1301 libertas
316 1252 368 1300 dici
380 1267 451 1300 mera
463 1266 573 1315 veraque
586 1253 680 1300 virtus.

59 1342 139 1391 virtus
159 1348 195 1390 est
211 1340 326 1389 medium
340 1341 461 1389 vitiorum
474 1349 499 1390 et
510 1341 642 1404 utrimque
654 1343 805 1392 reductum.

61 1432 126 1480 alter
138 1428 165 1478 in
178 1428 330 1491 obsequium
341 1429 398 1492 plus
411 1444 494 1492 aequo
507 1445 618 1493 pronus,
634 1431 717 1480 stimi

61 1519 158 1568 derisor
170 1517 244 1577 lecti,
259 1518 296 1567 sic
308 1525 401 1567 nutum
414 1517 500 1566 divitis
512 1518 615 1579 horret,

62 1608 99 1657 sic
111 1608 187 1656 iterat
199 1620 274 1654 voces
286 1614 312 1654 et
323 1605 401 1653 verba
413 1605 533 1654 cadentia
545 1605 628 1664 tollit,

61 1705 90 1743 ut
102 1709 210 1758 puerum
222 1708 298 1744 saevo
311 1693 400 1742 credas
413 1694 511 1742 dictata
523 1693 645 1757 magistro

62 1783 167 1832 reddere
179 1782 219 1833 vel
231 1782 313 1846 partis
325 1782 434 1830 mimum
446 1788 558 1830 tractare
570 1783 707 1831 secundas:

10 1879 34 1917 rt
63 1872 127 1921 alter
139 1871 255 1930 rixatur,
268 1871 300 1919 de
312 1869 375 1918 lana
387 1883 463 1932 saepe
475 1870 598 1932 caprina,

62 1965 210 2023 propugnat
221 1957 299 2020 nugis
311 1963 439 2006 armatus:
460 1951 571 2007 ‘scilicet
584 1966 612 2007 ut
624 1973 678 2007 non

62 2049 96 2096 sit
108 2045 173 2094 mihi
185 2045 270 2108 prima
282 2045 344 2095 fides
357 2052 383 2094 et
394 2059 453 2095 vere
466 2045 536 2108 quod
548 2046 633 2108 placet
645 2056 673 2097 ut
686 2063 739 2096 non

62 2135 156 2184 acriter
169 2133 293 2183 elatrem?
311 2134 425 2196 pretium
438 2143 509 2184 aetas
522 2135 603 2184 altera
615 2135 700 2186 sordet
709 2127 726 2189 ‚³

64 2222 203 2288 ambigitur
215 2222 279 2285 quid
291 2222 380 2273 enim?
399 2221 491 2272 Castor
503 2223 569 2272 sciat
582 2237 614 2271 an
628 2223 754 2274 Dolichos
767 2227 840 2289 plns,

10 2320 36 2358 to
63 2311 229 2361 Brundisium
241 2311 342 2362 Minuci
354 2311 447 2362 melius
459 2312 502 2360 via
514 2312 592 2361 ducat
603 2327 637 2360 an
649 2312 735 2377 Appi.

64 2415 141 2463 quem
154 2400 279 2449 damnosa
293 2399 396 2463 Venus,
417 2415 494 2464 quem
507 2414 628 2464 praeceps
641 2401 697 2450 alea
709 2403 807 2462 nudat,

64 2487 146 2553 gloria
159 2503 236 2551 quem
248 2504 325 2552 supra
337 2489 398 2539 viris
410 2497 436 2539 et
448 2489 521 2540 vestit
533 2497 558 2538 et
571 2489 680 2551 unguit,

65 2591 141 2639 quem
153 2583 222 2626 tenet
235 2579 336 2641 argenti
347 2577 402 2627 sitis
414 2577 554 2641 inportuna
567 2577 720 2638 famesque„
