1770 2984
357 189 477 232 EPODON
488 190 590 231 meus.

97 365 126 407 ut
139 356 257 406 adsidens
269 353 427 420 inplumibus
439 353 516 418 pullis
528 355 580 403 uvis

45 451 70 490 2⁰
98 444 258 509 serpentium
271 443 390 507 adlapsus
402 443 476 493 timet

98 534 182 599 magis
194 532 302 594 relictis,
318 545 371 581 nou
384 531 423 580 uti
435 531 468 579 sit
481 529 564 579 auxili

97 622 184 671 latura
195 620 252 684 plus
264 618 454 683 praesentibus.

97 709 207 759 libenter
219 709 269 757 hoc
282 715 308 757 et
320 722 396 757 omne
410 706 564 756 militabitur

97 797 210 857 bellum,
224 797 252 846 iu
265 804 325 846 tuae
337 809 409 858 spem
421 793 533 858 gratiam

45 895 68 935 sc
97 899 152 935 uon
164 893 192 934 ut
204 885 320 934 iuvencis
332 883 441 946 inligata
453 880 571 945 pluribus

97 981 185 1023 aratra
197 973 313 1023 nitantur
324 972 389 1021 meis

97 1076 207 1126 pecusve
222 1059 339 1110 Calabris
353 1069 412 1109 aute
424 1059 493 1109 sidus
507 1057 634 1108 fervidum

97 1150 206 1200 Lucana
218 1157 300 1199 mutet
312 1149 427 1212 pascuis,

97 1252 182 1301 neque
195 1245 224 1286 ut
236 1237 341 1300 superni
352 1235 415 1284 villa
428 1234 540 1283 caudens
552 1232 658 1282 Tusculi

46 1337 71 1378 ee
98 1324 208 1376 Circaea
220 1332 310 1389 tangat
322 1323 440 1372 moenia.

98 1413 160 1463 satis
172 1426 298 1477 superque
311 1426 353 1460 me
365 1410 512 1475 benignitas
524 1417 568 1459 tua

99 1501 205 1551 ditavit:
227 1499 297 1548 haud
310 1513 435 1565 paravero

100 1590 170 1652 quod
183 1595 229 1638 aut
242 1602 333 1636 avarus
345 1595 374 1636 ut
387 1586 510 1637 Chremes
522 1595 590 1635 terra
603 1601 731 1650 premam,

99 1678 236 1727 discinctus
248 1684 293 1725 aut
305 1676 410 1739 perdam
422 1683 451 1724 ut
463 1689 555 1738 nepos.

396 1886 555 1894 ...ι-ι-

456 2096 497 2146 11.

102 2287 212 2344 ‘Beatus
223 2294 267 2344 ille
280 2295 325 2356 qui
337 2292 427 2357 procul
440 2292 562 2357 negotiis,

103 2391 132 2432 ut
144 2382 227 2445 prisce
239 2396 300 2446 gens
312 2381 475 2440 mortalium,

103 2478 211 2536 paterna
223 2485 283 2519 rura
295 2470 378 2520 bobus
390 2477 491 2520 exercet
503 2469 556 2518 suis

103 2559 203 2610 solutus
216 2560 288 2609 omni
300 2559 403 2618 fenore,

64 2657 77 2696 5
105 2660 189 2711 neque
202 2648 329 2697 excitatur
341 2647 449 2696 classico
461 2645 535 2694 miles
546 2644 627 2703 truci,
