1784 3000
373 375 511 418 Polemon.

67 537 171 586 difficile
184 545 224 586 est
234 537 339 602 proprie
351 540 500 588 communia
513 539 613 598 dicere;
630 547 708 602 tuque

67 627 161 674 rectius
172 624 283 674 Iliacum
296 641 400 676 carmen
413 627 517 677 deducis
529 628 557 676 in
569 636 642 678 actus

15 712 54 756 8⁰
67 728 144 776 quam
157 715 179 762 si
191 714 318 776 proferres
329 715 420 779 ignota
432 716 581 779 indictaque
593 717 706 780 primus.

65 802 171 865 publica
183 802 302 852 materies
315 804 410 867 privati
423 804 485 853 iuris
498 805 561 866 erit,
576 805 597 854 si

65 905 117 940 nou
131 892 201 941 circa
212 891 291 941 vilem
304 893 474 956 patulumque
487 891 628 942 moraberis
642 873 745 953 orbem,

64 994 111 1029 uec
123 981 229 1029 verbum
241 981 319 1029 verbo
332 981 433 1031 curabis
446 982 551 1031 reddere
563 982 628 1030 fidus

64 1066 204 1132 interpres,
220 1082 267 1118 nec
281 1068 381 1118 desilies
393 1069 509 1119 imitator
522 1070 550 1118 in
564 1078 664 1131 artum,

15 1156 52 1199 8⁶
65 1156 131 1205 unde
144 1156 235 1219 pedem
247 1156 363 1220 proferre
375 1157 459 1219 pudor
471 1166 539 1208 vetet
551 1166 596 1208 aut
609 1159 693 1221 operis
705 1159 762 1210 lex.

64 1258 111 1294 nec
123 1244 161 1294 sic
173 1245 282 1309 incipies
294 1253 323 1294 ut
335 1245 444 1309 scriptor
455 1245 552 1310 cyclius
565 1246 645 1308 olim,

64 1330 208 1383 ‘fortunam
220 1334 319 1383 Priami
332 1335 444 1383 cantabo
457 1343 482 1385 et
494 1334 580 1384 nobile
595 1335 691 1384 bellum
699 1327 715 1384 .’

64 1424 126 1486 quid
140 1421 248 1487 dignum
261 1431 334 1472 tanto
348 1423 413 1472 feret
425 1422 468 1472 hic
481 1424 623 1487 promissor
635 1421 728 1472 hiatu?

64 1511 212 1575 parturiunt
225 1520 341 1573 montes,
355 1519 473 1561 nascetur
485 1512 608 1562 ridiculus
621 1528 691 1564 mus.

15 1597 50 1641 '⁸⁴0
66 1609 164 1664 quanto
177 1601 271 1650 rectius
283 1600 326 1648 hic
339 1601 383 1663 qui
396 1599 433 1648 nil
446 1601 550 1650 molitur
561 1601 661 1664 inepte,

60 1679 118 1740 ‘dic
131 1688 211 1750 mihi,
225 1703 312 1750 musa,
325 1689 423 1749 virum,
438 1696 529 1752 captae
540 1697 598 1752 post
607 1690 711 1739 moenia
717 1690 812 1739 Troiae

63 1780 108 1842 qui
120 1791 206 1828 mores
218 1777 354 1825 homiuum
367 1778 507 1827 multorum
520 1779 585 1828 vidit
597 1786 622 1828 et
634 1769 730 1828 urbis.'

62 1881 115 1916 non
129 1866 230 1914 fumum
244 1880 276 1915 ex
289 1865 405 1929 fulgore,
420 1865 464 1915 sed
478 1880 511 1914 ex
524 1865 596 1915 fumo
610 1866 671 1916 dare
685 1867 769 1916 lucem

61 1955 176 2020 cogitat,
190 1963 220 2003 ut
232 1954 350 2018 speciosa
362 1954 456 2004 dehinc
468 1954 595 2003 miracula
607 1963 726 2017 promat,

15 2041 46 2083 4⁶
63 2043 227 2107 Antiphaten
240 2042 403 2107 Scyllamque
416 2051 441 2092 et
454 2058 511 2092 cum
524 2043 631 2106 cyclope
644 2042 808 2106 Charybdin.

61 2148 109 2183 uec
122 2133 233 2182 reditum
246 2131 379 2181 Diomedis
392 2132 424 2180 ab
437 2132 543 2181 interitu
555 2130 694 2194 Meleagri,

60 2236 109 2272 nec
123 2222 226 2286 gemino
239 2221 335 2271 bellum
350 2221 493 2268 Troianum
507 2219 606 2268 orditur
618 2218 650 2267 ab
665 2231 728 2266 ovo:

61 2324 163 2373 semper
177 2310 210 2358 ad
223 2319 341 2359 eventum
354 2309 460 2359 festinat
472 2316 496 2357 et
508 2309 536 2355 in
549 2307 646 2357 medias
658 2321 697 2356 res

60 2414 114 2448 non
128 2411 200 2448 secus
213 2412 243 2446 ac
256 2406 331 2447 notas
343 2397 488 2446 auditorem
501 2396 569 2459 rapit
581 2404 605 2445 et
619 2408 684 2458 quae

15 2480 44 2526 ⁵⁰
61 2489 180 2550 desperat
192 2493 304 2536 tractata
315 2485 439 2534 nitescere
452 2498 526 2548 posse
538 2483 676 2546 relinquit,

61 2583 140 2638 atque
152 2575 190 2624 ita
202 2574 339 2634 mentitur,
354 2574 390 2623 sic
403 2573 469 2622 veris
482 2570 548 2621 falsa
560 2569 703 2638 remiscet‚l

60 2664 147 2728 primo
159 2677 193 2712 ne
205 2663 335 2722 medium,
350 2661 435 2711 medio
448 2675 480 2711 ne
493 2660 619 2725 discrepet
630 2661 729 2709 imum.

60 2761 90 2802 tn
102 2751 166 2814 quid
179 2765 226 2816 ego
240 2759 265 2800 et
277 2751 388 2814 populus
399 2764 500 2800 mecum
513 2749 640 2800 desideret
651 2749 727 2797 audi:

59 2840 80 2890 si
91 2839 220 2902 plausoris
232 2853 289 2905 eges
302 2840 398 2893 aulaea
410 2841 546 2893 manentis
557 2847 586 2890 et
593 2849 683 2898 nedae
