1770 2984
79 190 133 244 reu·
361 181 540 222 senmurum

78 350 139 394 dum
154 349 235 394 ritunt
248 347 319 394 stulti
332 346 407 403 vitiu,
423 346 448 392 in
463 346 595 392 contrarie
608 354 734 394 currunt.

25 452 34 478 ι
78 435 220 482 Meltlrirms
233 435 327 482 tunicis
340 434 454 482 demissis
467 432 596 491 ambulet,
612 442 650 481 est
663 435 710 494 qui

77 524 171 585 inguen
186 523 217 568 ud
232 523 386 570 obseaenum
399 521 529 569 subductis
542 535 624 581 usque
637 521 760 572 facetus.

77 611 191 672 pussillos
205 610 313 657 Rufillus
327 610 390 669 olet,
408 609 553 672 Gargonius
565 608 683 658 hircum.

76 700 112 747 nil
127 700 240 746 medium
254 712 304 747 est.
332 710 389 745 sunt
403 699 448 759 qui
460 697 544 744 nolint
557 697 673 759 tetigisse
686 699 744 747 nisi
757 700 821 749 illes

77 803 186 849 querum
200 788 304 835 subsuta
318 786 385 833 telos
398 793 469 848 teget
480 786 567 832 instita
583 794 667 832 veste:

78 890 166 923 contre
181 877 245 922 elius
259 875 359 922 nullam
372 873 422 921 nisi
435 873 514 920 olenti
527 873 555 919 in
568 873 668 921 fornice
680 881 817 926 stantem.

77 965 182 1024 quidum
195 972 272 1010 notus
285 962 364 1008 homo
378 977 437 1008 cum
450 962 532 1009 exiret
545 961 658 1020 fornice,
672 955 780 1014 ‘macte

77 1054 169 1099 rirrrue
183 1045 244 1099 esto¹
262 1052 344 1112 inquit
358 1050 485 1097 sententia
498 1050 541 1096 diu
554 1048 677 1098 Catonis:

74 1142 150 1187 ‘num
163 1140 238 1187 simul
252 1155 282 1186 ue
295 1154 370 1186 renas
382 1137 480 1186 inflavit
494 1146 578 1185 taetra
590 1137 691 1196 libido,

77 1229 125 1274 hue
140 1229 243 1275 iuuenes
257 1241 368 1289 aequum
381 1235 417 1274 est
430 1226 594 1283 descendere,
609 1239 663 1272 non
678 1225 787 1277 alienas

77 1315 217 1376 permolere
231 1309 345 1362 uxores.³
370 1308 464 1362 ‘nolim
476 1303 616 1362 laudarier'
629 1314 719 1374 inquit

75 1402 124 1448 ‘sie
138 1394 190 1448 me'
205 1404 311 1449 mirator
325 1403 402 1450 cunni
415 1401 573 1463 Cupiennius
586 1401 653 1452 albi.

76 1490 164 1535 mulire
180 1502 214 1536 est
230 1491 460 1552 operaepretium,
475 1490 613 1552 procedere
627 1498 697 1540 reete

76 1578 120 1638 qui
134 1578 253 1624 moechos
266 1593 319 1625 non
332 1578 422 1638 voltis,
439 1586 466 1625 ut
479 1579 549 1625 omni
562 1587 635 1640 parte
645 1578 773 1631 laborent

75 1676 154 1725 utque
168 1665 219 1711 illis
232 1666 313 1712 multo
327 1676 448 1729 corrupta
461 1668 548 1715 dolore
561 1667 680 1729 voluptas

77 1765 152 1813 utque
167 1754 229 1800 haee
243 1769 300 1800 rure
314 1756 389 1802 eadat
402 1756 465 1801 duru
478 1755 544 1803 inter
556 1770 630 1817 saepe
643 1755 759 1817 pericla.

77 1842 117 1889 hie
131 1856 156 1889 se
170 1843 337 1903 praeeipitem
350 1853 416 1890 teoto
431 1844 515 1903 dedit3
537 1842 579 1891 ille
589 1843 699 1906 flagellis

76 1931 108 1977 ed
122 1943 230 1977 mortem
244 1945 344 1989 caesus3
367 1931 468 1994 fugiens
481 1932 523 1979 hie
536 1931 631 1980 decidit
645 1947 735 1981 aerem

76 2020 234 2078 praedonum
248 2020 275 2065 in
288 2021 401 2078 turbam3
418 2020 488 2067 dedit
500 2020 542 2067 hie
555 2034 602 2081 pro
616 2034 729 2082 corpore
741 2039 873 2082 nummor3

76 2104 143 2151 hune
157 2107 350 2165 perminxerunt
363 2108 480 2155 calones:
501 2107 654 2168 quinetiam
668 2108 734 2157 illud

77 2193 184 2249 accidit,
201 2203 228 2240 ut
242 2195 344 2242 cuidem
357 2198 427 2244 testis
440 2196 600 2256 caudamque
613 2196 727 2245 sulacem

75 2280 212 2327 demeteret
226 2281 333 2330 ferrum.
359 2276 438 2330 ‘iure'
452 2298 554 2331 omnes:
577 2283 661 2332 Galba
674 2286 806 2348 negabat.

75 2368 153 2415 tutior
167 2378 192 2415 at
206 2377 302 2427 quanto
316 2385 388 2417 merx
403 2373 478 2418 estin
492 2372 570 2419 clusse
584 2372 709 2431 secunda,

74 2456 251 2504 libertinarum
265 2458 337 2506 dieo:
360 2457 494 2507 Sallustius
507 2461 533 2507 in
547 2475 610 2521 ques

76 2560 126 2592 non
144 2546 227 2592 minus
240 2545 334 2593 insanit
348 2562 426 2607 quam
440 2548 483 2607 qui
498 2548 659 2596 moechetur.
688 2556 715 2597 et
728 2549 774 2600 hie
786 2554 822 2613 si,

18 2643 46 2677 50
73 2648 124 2695 que
137 2648 191 2695 res,
209 2649 259 2695 qrru
272 2636 337 2683 ratio
352 2635 481 2695 suaderet,
497 2650 598 2697 quaque
611 2637 725 2686 modeste

130 2866 179 2929 A
