1784 3000
371 196 464 236 LIBER
478 197 515 235 11.

10 367 36 403 uo
66 358 138 418 finis,
155 359 182 406 ni
196 357 298 421 sapiens
311 358 347 406 sic
362 357 538 407 Nomentanus
552 359 665 407 amicum

67 446 182 504 tollerat,
197 446 213 464 “
219 446 285 503 heu,
301 445 430 506 Fortuna,
446 446 503 508 quis
517 453 554 494 est
567 447 695 496 crudelior
707 450 734 496 in
747 463 794 498 nos

70 544 95 583 te
108 535 185 583 deus:
199 538 231 582 'ut
243 548 343 597 semper
356 534 453 596 gaudes
466 534 583 585 inludere
596 536 671 586 rebus

68 622 189 671 humanis
198 638 204 669 ι
213 613 229 633 ”
248 620 343 675 Varius
356 637 451 685 mappa
464 637 616 687 conpescere
629 625 710 672 risum

66 711 111 758 vix
124 719 238 773 poterat.
265 709 388 770 Balatro,
403 711 559 772 suspendens
571 711 659 760 omnia
671 727 748 771 naso,

25 829 32 843 ι
65 792 153 848 “haec
166 807 203 847 est
217 797 337 847 condicio
350 796 475 846 vivendi’'
488 798 588 859 aiebat,
602 799 706 861 “eoque

66 901 220 950 responsura
233 896 277 935 tuo
292 888 427 947 nunquam
441 895 478 936 est
490 901 538 949 par
550 884 621 936 fama
633 886 730 936 labori.

64 982 136 1035 tene,
153 984 180 1023 ut
193 989 240 1038 ego
254 973 370 1036 accipiar
382 974 467 1034 laute,
482 975 625 1037 torquerier
637 976 709 1024 omni

65 1062 238 1112 sollicitudine
252 1062 411 1124 districtum,
426 1077 458 1111 ne
471 1063 544 1126 panis
556 1063 677 1122 adustus,

65 1166 97 1199 ne
111 1151 179 1200 male
192 1151 326 1200 conditum
339 1151 379 1199 ius
392 1152 552 1213 adponatur,
567 1160 595 1200 ut
608 1165 697 1200 omnes

65 1221 210 1301 praecincti*
220 1247 287 1288 recte
301 1238 374 1302 pueri
388 1238 538 1302 comptique
551 1239 713 1288 ministrent?

65 1327 130 1375 adde
143 1327 190 1375 hos
203 1336 337 1390 praeterea
349 1341 439 1386 casus,
455 1328 546 1376 aulaea
559 1335 635 1376 ruant
647 1328 682 1386 si,

62 1424 91 1464 ut
105 1416 198 1475 modo,
214 1416 234 1463 si
249 1415 366 1478 patinam
380 1415 444 1478 pede
457 1415 542 1478 lapsus
556 1415 658 1480 frangat
670 1430 759 1479 agaso.

62 1504 106 1552 sed
119 1504 291 1553 convivatoris
305 1505 343 1553 uti
356 1504 428 1553 ducis
440 1504 572 1569 ingenium
584 1519 622 1552 res

63 1592 182 1640 adversae
194 1592 292 1641 nudare
304 1592 401 1651 solent,
416 1591 499 1641 celare
512 1582 670 1640 secundae.”

63 1679 216 1728 Nasidienus
229 1680 261 1728 ad
274 1680 338 1728 haec
350 1679 419 1728 “tibi
432 1679 459 1726 di
472 1693 649 1741 quaecumque
661 1681 772 1741 preceris

62 1768 200 1817 commoda
213 1768 289 1827 dent3
305 1768 342 1816 ita
355 1767 393 1815 vir
406 1765 490 1814 bonus
503 1780 529 1815 es
542 1767 701 1827 convivaque
713 1759 828 1827 comi8,’'

62 1865 87 1904 et
101 1856 183 1904 soleas
196 1856 292 1917 poscit,
321 1863 378 1903 tum
390 1855 418 1903 in
430 1854 498 1902 lecto
512 1867 614 1916 quoque
627 1852 724 1902 videres

62 1943 169 1992 stridere
182 1952 278 1992 secreta
291 1943 385 1992 divisos
398 1956 459 1991 aure
471 1955 588 1990 susurros
597 1942 614 1988 .'

63 2030 148 2080 nullos
162 2031 202 2079 his
216 2031 320 2080 mallem
333 2031 409 2080 ludos
420 2036 560 2092 spectasse:
575 2029 619 2077 sed
631 2029 676 2077 illa

64 2118 141 2167 redde
155 2133 202 2182 age
216 2132 281 2179 quae
294 2117 413 2181 deinceps
426 2117 519 2167 risisti.
538 2115 673 2165 ‘Vibidius
686 2117 747 2165 dum

62 2206 165 2268 quaerit
178 2207 208 2256 de
222 2206 308 2269 pueris
322 2221 386 2254 num
398 2206 431 2254 sit
445 2219 547 2268 quoque
560 2205 642 2254 fracta
654 2205 761 2270 lagena,

61 2294 134 2357 quod
147 2293 194 2342 sibi
208 2294 325 2357 poscenti
338 2309 391 2342 nou
405 2294 499 2343 dantur
510 2294 620 2358 pocula,
635 2294 745 2357 dumque

62 2383 159 2430 ridetur
172 2382 238 2431 fictis
250 2397 352 2443 rerum,
366 2381 506 2432 Balatrone
518 2382 645 2444 secundo,

61 2469 217 2531 Nasidiene‚
233 2470 300 2519 redis
314 2476 428 2519 mutatae
440 2469 547 2531 frontis,
562 2479 590 2520 ut
602 2479 657 2520 arte

10 2568 30 2606 rs
61 2557 242 2607 emendaturus
255 2557 401 2607 fortunam.
428 2558 519 2608 deindo
531 2559 612 2608 secuti

61 2659 214 2694 mazonomo
227 2647 305 2710 pueri
317 2661 418 2714 magno
432 2647 571 2714 discerpta
578 2645 688 2695 leucum
