1770 2984
200 120 252 167 270
465 110 687 156 ammoniaca

200 278 308 325 nuncin
321 275 447 339 Aristippi
460 274 550 324 furtim
562 283 709 337 praecepta
723 278 842 328 relabor

202 374 226 414 et
239 364 303 413 mihi
316 379 371 425 res,
385 378 438 413 non
451 379 492 412 me
504 363 580 412 rebus
592 363 757 428 subiungere
772 382 873 417 conor.

149 469 152 480 ·
200 461 229 501 ut
240 466 294 499 nox
306 452 385 516 longe
398 453 489 515 quibus
501 452 625 501 mentitur
637 452 729 501 amica
745 454 864 518 diesque

200 540 280 603 longa
291 541 391 590 videtur
404 554 469 603 opus
482 538 649 599 debentibus,
665 547 697 590 ut
711 542 792 606 piger
806 558 880 593 annu

200 628 305 691 pupillis
318 643 383 692 qnos
396 631 459 678 dura
471 629 564 693 premit
577 627 702 677 custodia
717 639 861 693 matrum,

201 717 236 765 sic
250 717 314 766 mihi
327 718 401 767 tarda
413 717 494 767 fluunt
507 719 660 781 ingrataque
675 725 806 782 tempora
820 735 884 783 qua

202 805 387 868 consiliumque
400 813 536 855 morantur
548 805 642 869 agendi
656 806 786 868 gnaviter
800 808 830 856 id
844 824 880 872 qu

202 909 282 956 aeque
295 894 450 957 pauperibus
462 895 580 958 prodest,
595 891 780 955 locupletibus
795 911 883 960 aeque

201 997 283 1044 aeque
295 983 441 1047 neglectum
454 983 540 1046 pueris
552 981 711 1043 senibusque
724 985 856 1034 nocebit.

202 1079 280 1120 restat
291 1078 320 1120 ut
332 1071 372 1120 his
384 1085 432 1135 ego
445 1085 486 1119 me
498 1071 552 1133 ipse
564 1065 653 1134 regam
667 1069 799 1133 solerque
813 1074 883 1124 elem

201 1174 253 1208 non
267 1160 348 1223 possis
361 1160 435 1208 oculo
449 1166 573 1221 quantum
587 1157 750 1208 contendere
765 1159 882 1225 Lynceo

201 1261 254 1295 non
267 1255 353 1296 tamen
365 1248 463 1296 idcirco
476 1256 624 1296 contemnas
637 1246 728 1308 lippus
742 1247 865 1314 inungui
876 1268 883 1311 ς

202 1349 263 1395 neo,
279 1336 341 1397 quia
354 1337 469 1399 desperes
481 1335 571 1384 invicti
584 1333 702 1383 membra
720 1333 876 1400 Glyconis,

201 1424 298 1472 nodosa
311 1438 404 1488 corpus
417 1424 484 1472 nolis
496 1422 632 1487 prohibere
645 1422 776 1486 cheragra
790 1464 798 1477 .

203 1519 238 1560 est
252 1512 364 1573 quadam
377 1513 480 1576 prodire
492 1521 580 1573 tenus,
596 1511 683 1560 sinon
697 1511 780 1560 datur
794 1514 872 1565 ultra

204 1601 282 1650 fervet
295 1601 404 1650 avaritia
415 1601 560 1663 miseroque
573 1598 692 1662 cupidine
706 1607 805 1660 pectus
818 1619 825 1650 ε

204 1698 262 1738 sunt
275 1689 351 1738 verba
364 1697 388 1738 et
401 1703 473 1738 voces
487 1689 580 1752 quibus
592 1688 664 1736 hunc
680 1687 764 1736 lenire
779 1690 881 1741 dolore

205 1779 283 1840 possis
296 1786 321 1826 et
332 1792 454 1841 maguam
467 1778 552 1827 morbi
565 1779 695 1838 deponere
709 1784 835 1836 partem.

204 1866 286 1914 laudis
299 1880 385 1914 amore
398 1873 495 1915 tumes:
511 1873 570 1915 sunt
583 1872 655 1914 certa
668 1863 775 1926 piacula
791 1882 867 1929 quae

205 1964 242 2002 ter
255 1969 317 2016 pure
329 1955 394 2003 lecto
408 1961 528 2016 poterunt
541 1967 656 2002 recreare
672 1952 779 2005 libello.

205 2042 319 2103 invidus,
335 2043 487 2104 iracundus,
501 2042 582 2103 iners,
597 2041 717 2101 vinosus,
734 2053 862 2106 amator,

205 2145 282 2178 nemo
296 2132 360 2180 adeo
374 2132 443 2180 ferus
457 2138 532 2180 estut
544 2143 596 2178 uon
609 2129 750 2178 mitescere
763 2135 875 2197 possit,

206 2218 227 2265 si
240 2219 317 2265 modo
330 2219 445 2268 culturae
458 2219 597 2282 patientem
610 2217 763 2266 commodet
776 2233 879 2272 aurem

206 2307 284 2354 virtus
296 2317 332 2354 est
342 2306 432 2354 vitium
445 2307 532 2370 lugere
545 2315 570 2356 et
582 2305 710 2368 sapientia
724 2306 818 2367 prima

205 2394 315 2442 stultitia
327 2394 449 2442 caruisse.
476 2395 560 2456 vides,
576 2408 641 2457 quae
654 2392 774 2442 maxima
788 2400 880 2447 credi

205 2497 257 2531 esse
270 2482 355 2540 mala,
370 2482 492 2544 exignum
505 2497 609 2531 censum
622 2490 781 2544 turpemque
796 2499 870 2550 repu

206 2579 303 2634 quanto
317 2569 413 2619 devites
427 2569 506 2619 animi
520 2570 661 2632 capitisque
673 2567 766 2618 labore
778 2588 784 2630 ;
