1770 2984
119 206 171 255 338
416 197 457 236 nn
472 195 554 239 aura

119 365 197 412 latior
210 362 331 425 amplecti
345 374 433 410 murus
446 361 557 422 vinoque
570 360 666 410 diurno

67 464 106 502 arc
120 452 219 516 placari
233 450 329 500 Genius
342 449 413 498 festis
424 450 521 513 inpune
534 449 638 511 diebus,

121 540 229 590 accessit
241 539 408 600 numerisque
421 537 556 599 modisque
569 537 679 587 licentia
692 541 801 590 maior.

120 629 239 677 indoctus
252 627 314 689 quid
327 627 397 675 enim
410 633 509 689 saperet
521 625 638 688 liberque
650 627 779 678 laborum

120 717 230 766 rusticus
244 717 343 764 urbano
357 714 494 773 confusus,
509 715 591 778 turpis
603 714 734 764 honesto?

122 807 158 855 sic
170 805 268 870 priscae
281 811 432 865 motumque
445 811 470 852 et
482 803 611 852 luxuriem
626 803 728 853 addidit
741 808 797 856 arti

69 905 108 946 art
122 895 217 944 tibicen
230 894 359 954 traxitque
372 907 452 956 vagus
463 907 508 955 per
521 892 621 956 pulpita
634 900 747 952 vestem3

122 985 159 1033 sic
172 983 250 1032 etiam
262 981 354 1030 fidibus
367 995 441 1030 voces
453 996 553 1031 crevere
565 981 659 1030 severis

124 1080 148 1122 ct
161 1073 220 1121 tulit
232 1071 365 1134 eloquium
377 1068 511 1120 insolitum
525 1069 648 1119 facundia
660 1085 789 1135 praeceps

123 1161 278 1222 utiliumque
291 1175 372 1224 sagax
384 1174 469 1208 rerum
482 1167 507 1207 et
520 1159 608 1207 divina
620 1158 701 1206 futuri

124 1249 251 1312 sortilegis
263 1264 317 1298 non
330 1248 470 1311 discrepuit
483 1247 609 1296 sententia
621 1245 747 1310 Delphis.
807 1273 826 1314 Ι»

71 1346 109 1383 220
124 1338 238 1387 carmine
252 1338 296 1400 qui
308 1337 408 1398 tragico
422 1335 499 1385 vilem
511 1335 618 1385 certavit
631 1335 665 1384 ob
678 1335 801 1399 hircum,

124 1440 187 1475 mox
201 1426 279 1473 ctiam
292 1425 399 1486 agrestis
411 1433 509 1489 satyros
521 1425 627 1474 nudavit
640 1431 664 1472 et
677 1439 754 1486 asper

124 1513 248 1563 incolumi
262 1513 386 1576 gravitate
399 1513 487 1562 iocum
499 1512 634 1576 temptavit
646 1526 676 1561 eo
690 1515 761 1575 quod

124 1602 259 1652 inlecebris
272 1609 327 1650 erat
339 1612 364 1651 et
375 1611 451 1666 grata
462 1603 576 1650 novitate
589 1602 730 1650 morandus

125 1700 252 1754 spectator
265 1691 419 1753 functusque
433 1691 510 1738 sacris
523 1699 548 1738 et
561 1697 637 1752 potus
650 1698 675 1739 et
688 1691 781 1740 exlex.

73 1789 111 1826 aas
125 1796 212 1830 verum
225 1781 261 1828 ita
274 1781 381 1840 risores,
397 1781 433 1828 ita
447 1779 628 1827 commendare
641 1779 736 1828 dicacis

126 1869 260 1918 conveniet
272 1876 383 1932 satyros,
398 1869 435 1916 ita
447 1875 544 1916 vertere
556 1868 623 1916 seria
635 1867 711 1928 ludo,

124 1972 156 2006 ne
170 1958 324 2020 quicumque
337 1958 413 2019 deus,
434 1956 589 2018 quicumque
602 1955 766 2004 adhibebitur
778 1956 857 2007 heros

124 2047 204 2111 regali
217 2053 366 2109 conspectus
378 2047 404 2093 iu
419 2059 482 2092 auro
494 2059 577 2106 nuper
590 2051 615 2093 et
627 2052 711 2104 ostro,

125 2136 217 2198 migret
229 2136 256 2184 in
270 2135 390 2183 obscuras
403 2133 495 2181 humili
509 2147 625 2182 sermone
639 2133 768 2191 tabernas,

72 2229 111 2266 aso
126 2231 185 2278 aut.
201 2223 263 2270 dum
276 2224 339 2272 vitat
352 2223 474 2281 humum,
489 2221 566 2270 uubis
579 2230 604 2270 et
616 2221 704 2270 inania
719 2231 822 2284 captet.

126 2310 226 2361 effutire
239 2311 301 2358 levis
313 2312 422 2376 indigna
434 2311 569 2372 tragoedia
581 2325 674 2372 versus,

125 2406 154 2448 ut
168 2399 239 2448 iestis
252 2407 371 2446 matrona
385 2399 483 2447 moveri
495 2400 563 2446 iussa
577 2399 680 2457 diebus,

126 2489 243 2538 intererit
255 2487 345 2549 satyris
358 2488 476 2549 paullum
489 2487 640 2549 pudibunda
653 2486 793 2549 protervis.

126 2593 179 2626 uon
192 2592 240 2639 ego
253 2578 373 2624 inornata
386 2584 411 2624 et
425 2576 587 2624 dominantia
599 2575 706 2623 uomina
719 2574 803 2623 solum

63 2670 107 2710 235
121 2668 265 2734 verbaque,
281 2667 406 2731 PisoueS,
421 2672 569 2732 satyrorum
579 2664 688 2724 scriptor
700 2663 812 2719 amabo,
