1770 2984
165 197 214 244 182
476 188 597 231 neonou

164 370 253 403 cruore
266 354 356 402 rubros
370 354 493 403 obstetrix
506 367 605 417 pannos
617 353 694 413 lavit,

163 452 303 505 utcumque
316 443 389 492 fortis
402 442 489 491 exsilis
501 456 639 506 puerpera.

162 531 238 593 ‘quid
252 531 376 580 obseratis
390 530 495 579 auribus
508 530 596 600 fundis
608 529 714 592 preces?

163 634 214 666 non
230 634 293 666 saxa
305 620 380 668 nudis
392 620 509 668 surdiora
521 618 614 667 navitis

109 714 136 752 sb
163 707 296 769 Neptunus
310 707 363 756 alto
377 709 461 757 tundit
474 707 595 756 hibernus
607 707 676 755 salo.

163 796 258 844 inultus
270 805 298 845 ut
310 805 338 845 tu
351 797 434 845 riseris
447 796 563 858 Cotyttia

163 886 279 947 volgata,
295 899 395 934 sucrum
407 884 482 934 liberi
496 884 644 946 Cupidinis,

163 981 188 1020 et
200 973 326 1035 Esquilini
339 972 458 1035 pontifex
468 972 575 1020 venefici

163 1062 260 1124 inpune
273 1069 301 1109 ut
313 1060 403 1108 urbem
414 1061 521 1108 nomine
532 1060 639 1124 inpleris
653 1059 728 1108 meo?

111 1155 137 1194 to
165 1151 227 1212 quid
240 1151 360 1213 proderat
373 1150 467 1197 ditasse
480 1149 600 1211 Pelignus
613 1163 677 1196 anus

163 1238 306 1286 velociusve
320 1238 450 1287 miscuisse
463 1235 598 1285 toxicum?

164 1329 206 1374 sed
219 1327 335 1375 tardiora
347 1326 402 1374 fata
414 1334 439 1374 te
452 1326 518 1375 votis
530 1334 649 1383 manent3

164 1416 267 1476 ingrata
279 1415 373 1464 misero
385 1416 437 1463 vita
450 1414 567 1463 ducenda
579 1420 616 1461 est
629 1413 656 1460 iu
670 1412 734 1472 hoc,

164 1504 237 1552 novis
249 1511 277 1552 ut
289 1519 369 1565 usque
382 1510 503 1565 suppetas
515 1501 658 1551 laboribus.

165 1599 237 1655 optat
250 1593 362 1653 quietem
374 1592 478 1655 Pelopis
490 1590 562 1639 infidi
575 1597 648 1652 pater

165 1695 242 1741 egens
254 1681 380 1744 benignae
393 1680 518 1728 Tantalus
531 1694 630 1741 semper
642 1678 730 1740 dapis,

166 1779 237 1831 optat
249 1770 415 1818 Prometheus
429 1769 556 1831 obligatus
569 1766 637 1825 aliti,

166 1868 238 1921 optat
250 1873 368 1921 supremo
382 1858 509 1906 collocare
523 1855 645 1917 Sisyphus

165 1949 190 1995 iu
206 1956 293 1996 monte
305 1963 411 1996 saxum:
433 1947 475 1994 sed
489 1950 576 1993 vetant
588 1942 657 2006 leges
668 1941 749 1992 Iovis.

166 2037 234 2085 voles
247 2038 324 2084 modo
339 2035 397 2083 altis
410 2034 509 2082 desilire
522 2032 648 2090 turribus,

166 2127 243 2172 modo
257 2139 315 2173 ense
327 2132 416 2186 peetus
428 2123 523 2170 Norico
537 2121 680 2181 recludere,

167 2214 310 2274 frustraque
324 2212 407 2259 vincla
420 2210 516 2274 gutturi
529 2216 615 2258 nectes
626 2215 671 2256 tuo

165 2300 299 2348 fastidiosa
311 2300 391 2348 tristis
403 2299 573 2360 aegrimonia.

167 2387 286 2437 vectabor
299 2387 393 2436 umeris
406 2393 465 2434 tunc
479 2400 526 2450 ogo
540 2385 651 2434 inimicis
665 2398 756 2446 eques,

112 2483 139 2520 ts
167 2491 290 2537 meaeque
303 2483 370 2524 terra
384 2476 455 2524 cedet
468 2474 633 2522 insolentiae.

168 2579 201 2611 an
215 2577 280 2626 quae
293 2577 395 2612 movere
408 2578 494 2612 cereas
507 2562 648 2623 imagines,

158 2660 189 2701 ut
199 2653 257 2717 ipse
270 2653 339 2704 nosti
354 2653 484 2711 curiosus,
499 2659 524 2700 et
536 2650 597 2714 polo
