1770 2984
93 180 144 228 286
357 171 576 214 nmssunssmr

40 346 65 383 ⁸5
94 339 229 386 inmoritur
242 337 332 386 studiis
345 344 370 386 et
383 349 470 385 amora
483 335 591 385 senescit
603 334 737 385 habendi.

91 442 180 475 verum
195 425 239 473 ubi
253 439 311 474 oves
324 424 407 486 furto,
423 424 514 472 morbo
528 423 629 486 periere
642 425 778 487 capellae,
854 477 858 483 ,

92 528 162 576 spem
176 513 284 562 mentita
297 527 383 577 seges,
399 512 445 561 bos
458 521 495 562 est
507 519 610 562 enectus
622 513 742 574 arando,

79 642 81 647 .
92 601 202 650 offensus
217 602 317 650 damnis
330 602 415 650 media
427 601 458 650 de
470 607 547 650 nocte
560 600 693 649 caballum

93 690 183 752 arripit
195 690 326 753 iratusque
339 689 456 753 Philippi
468 689 550 739 tendit
562 689 596 736 ad
609 688 696 738 aedis.
870 752 873 757 ,

92 777 841 843 quemsimuladspexitscabrumintonsumquePhilippus,

90 865 195 915 ‘durus’
207 868 258 926 ait,
269 857 389 927 ‘Voltei‚
404 866 481 914 nimis
493 872 655 927 attentusque
668 865 766 915 videris
874 856 877 861 ’

92 970 146 1003 esse
158 955 224 1003 mihi
235 946 250 1003 .’
272 945 334 1018 ‘pol
346 968 387 1004 me
400 955 539 1014 miserum,
553 960 678 1016 patrone,
695 967 819 1015 vocares,

91 1043 112 1090 si
126 1042 217 1092 velles’
228 1044 313 1106 inquit
321 1033 330 1052 ‘
339 1057 426 1091 verum
439 1042 504 1091 mihi
517 1055 614 1105 ponere
625 1054 740 1090 nomen.

93 1132 162 1191 quod
175 1139 199 1179 te
213 1145 258 1193 per
271 1131 376 1194 genium
389 1131 557 1191 dextramque
571 1129 682 1190 deosque
696 1130 803 1192 penatis

93 1219 198 1266 obsecro
212 1226 237 1267 et
249 1219 379 1279 obtestor,
394 1218 462 1267 vitae
475 1232 516 1267 me
528 1217 605 1266 redde
618 1218 700 1280 priori
710 1218 729 1267 .'

93 1307 135 1367 qui
149 1306 227 1354 semel
240 1307 359 1368 adspexit
371 1315 496 1370 quantum
508 1306 614 1354 dimissa
626 1305 715 1369 petitis

92 1401 235 1456 praestent,
251 1402 351 1442 mature
363 1395 451 1443 redeat
463 1401 611 1458 repetatque
623 1394 730 1442 relicta.

45 1549 47 1552 ⁴
93 1481 177 1529 metiri
190 1495 216 1528 se
229 1494 356 1543 quemque
370 1497 416 1529 suo
430 1483 536 1531 modulo
550 1497 580 1530 sc
593 1483 659 1544 pede
672 1492 805 1535 verumst.

426 1834 505 1885 vni.

93 2010 168 2059 Celso
181 2013 293 2074 gaudere
307 2020 331 2061 et
344 2011 409 2061 bene
421 2026 476 2060 rem
489 2025 575 2074 gerere
589 2011 754 2060 Albinovano

92 2114 165 2146 musa
178 2107 269 2162 rogata
281 2099 362 2158 refer,
378 2099 466 2147 comiti
480 2099 628 2161 scribaeque
640 2099 766 2149 Neronis.

92 2188 113 2233 si
122 2195 226 2248 quaeret
233 2187 394 2251 quidagum‚
410 2186 840 2251 dicmultaetpulchraminantem

93 2275 176 2322 vivere
189 2289 236 2323 nec
248 2284 316 2324 recte
328 2290 376 2324 nee
388 2276 513 2324 suaviter:
535 2276 603 2324 haud
617 2277 678 2338 quia
690 2277 790 2340 grando

56 2372 66 2409 5
95 2362 240 2410 contuderit
252 2363 311 2411 vitis
324 2363 437 2412 oleamve
450 2365 618 2413 momorderit
631 2374 728 2423 aestus,

92 2467 139 2499 nec
153 2451 214 2512 quia
226 2450 372 2513 longinquis
384 2461 528 2500 armentum
541 2460 655 2517 aegrotet
667 2453 693 2500 in
708 2435 790 2516 agris3

93 2541 135 2589 sed
149 2541 210 2602 quia
224 2548 308 2588 mente
320 2539 405 2587 minu-s
416 2539 514 2589 validus
528 2535 606 2603 qua'm
619 2554 726 2603 corpore
739 2548 796 2589 toto

93 2630 129 2677 nil
144 2629 232 2678 audire
247 2627 339 2686 velim,
354 2626 390 2675 nil
403 2628 513 2689 discere,
529 2630 598 2691 quod
611 2629 677 2679 levet
690 2643 811 2692 aegrum3
