<?xml version="1.0" encoding="UTF-8"?>
<!DOCTYPE html PUBLIC "-//W3C//DTD XHTML 1.0 Transitional//EN"
    "http://www.w3.org/TR/xhtml1/DTD/xhtml1-transitional.dtd">
<html xmlns="http://www.w3.org/1999/xhtml" xml:lang="en" lang="en">
 <head>
  <title>
</title>
<meta http-equiv="Content-Type" content="text/html;charset=utf-8" />
  <meta name='ocr-system' content='tesseract 3.04.00' />
  <meta name='ocr-capabilities' content='ocr_page ocr_carea ocr_par ocr_line ocrx_word'/>
</head>
<body>
  <div class='ocr_page' id='page_1' title='image "./qhoratiflacciop00vahlgoog_0222.png"; bbox 0 0 1784 3000; ppageno 0'>
   <div class='ocr_carea' id='block_1_1' title="bbox 416 195 854 250">
    <p class='ocr_par' dir='ltr' id='par_1_1' title="bbox 416 195 854 250">
     <span class='ocr_line' id='line_1_1' title="bbox 416 195 854 250; baseline 0 -15"><span class='ocrx_word' id='word_1_1' title='bbox 416 195 548 237; x_wconf 73' lang='lat' dir='ltr'>affluar.</span> <span class='ocrx_word' id='word_1_2' title='bbox 802 202 854 250; x_wconf 83' lang='lat'>213</span> 
     </span>
    </p>
   </div>
   <div class='ocr_carea' id='block_1_2' title="bbox 51 354 884 2718">
    <p class='ocr_par' dir='ltr' id='par_1_2' title="bbox 51 354 884 2718">
     <span class='ocr_line' id='line_1_2' title="bbox 107 354 767 419; baseline 0.012 -19"><span class='ocrx_word' id='word_1_3' title='bbox 107 359 208 415; x_wconf 88' lang='lat' dir='ltr'>optaret</span> <span class='ocrx_word' id='word_1_4' title='bbox 221 354 269 402; x_wconf 87' lang='lat' dir='ltr'>sibi</span> <span class='ocrx_word' id='word_1_5' title='bbox 283 356 406 419; x_wconf 87' lang='lat' dir='ltr'>quisque,</span> <span class='ocrx_word' id='word_1_6' title='bbox 421 360 484 408; x_wconf 89' lang='lat' dir='ltr'>meis</span> <span class='ocrx_word' id='word_1_7' title='bbox 498 367 632 409; x_wconf 86' lang='lat' dir='ltr'>contentus</span> <span class='ocrx_word' id='word_1_8' title='bbox 645 359 767 408; x_wconf 84' lang='lat' dir='ltr'>honestos</span> 
     </span>
     <span class='ocr_line' id='line_1_3' title="bbox 107 440 772 508; baseline 0.014 -20"><span class='ocrx_word' id='word_1_9' title='bbox 107 440 222 490; x_wconf 78' lang='lat' dir='ltr'><strong>fascibus</strong></span> <span class='ocrx_word' id='word_1_10' title='bbox 236 450 261 491; x_wconf 93' lang='lat' dir='ltr'>et</span> <span class='ocrx_word' id='word_1_11' title='bbox 273 443 340 492; x_wconf 87' lang='lat' dir='ltr'>sellis</span> <span class='ocrx_word' id='word_1_12' title='bbox 351 445 449 494; x_wconf 92' lang='lat' dir='ltr'>nollem</span> <span class='ocrx_word' id='word_1_13' title='bbox 461 448 527 496; x_wconf 82' lang='lat' dir='ltr'>milri</span> <span class='ocrx_word' id='word_1_14' title='bbox 539 461 654 508; x_wconf 88' lang='lat' dir='ltr'>sumere,</span> <span class='ocrx_word' id='word_1_15' title='bbox 669 447 772 496; x_wconf 86' lang='lat' dir='ltr'>demens</span> 
     </span>
     <span class='ocr_line' id='line_1_4' title="bbox 107 529 672 598; baseline 0.016 -23"><span class='ocrx_word' id='word_1_16' title='bbox 107 529 206 577; x_wconf 91' lang='lat' dir='ltr'>iudicio</span> <span class='ocrx_word' id='word_1_17' title='bbox 219 530 304 593; x_wconf 83' lang='lat' dir='ltr'>volgi,</span> <span class='ocrx_word' id='word_1_18' title='bbox 319 548 395 582; x_wconf 86' lang='lat' dir='ltr'>sanus</span> <span class='ocrx_word' id='word_1_19' title='bbox 407 534 513 585; x_wconf 88' lang='lat' dir='ltr'>fortasse</span> <span class='ocrx_word' id='word_1_20' title='bbox 525 544 587 597; x_wconf 91' lang='lat' dir='ltr'>tuo,</span> <span class='ocrx_word' id='word_1_21' title='bbox 602 536 672 598; x_wconf 90' lang='lat' dir='ltr'>quod</span> 
     </span>
     <span class='ocr_line' id='line_1_5' title="bbox 108 616 877 686; baseline 0.013 -22"><span class='ocrx_word' id='word_1_22' title='bbox 108 616 203 665; x_wconf 91' lang='lat' dir='ltr'>nollem</span> <span class='ocrx_word' id='word_1_23' title='bbox 217 632 281 668; x_wconf 85' lang='lat' dir='ltr'>onus</span> <span class='ocrx_word' id='word_1_24' title='bbox 293 620 362 669; x_wconf 90' lang='lat' dir='ltr'>haud</span> <span class='ocrx_word' id='word_1_25' title='bbox 374 637 498 684; x_wconf 90' lang='lat' dir='ltr'>umquam</span> <span class='ocrx_word' id='word_1_26' title='bbox 510 624 599 673; x_wconf 83' lang='lat' dir='ltr'>solitus</span> <span class='ocrx_word' id='word_1_27' title='bbox 612 630 714 686; x_wconf 83' lang='lat' dir='ltr'>portare</span> <span class='ocrx_word' id='word_1_28' title='bbox 725 623 877 674; x_wconf 88' lang='lat' dir='ltr'>molestum.</span> 
     </span>
     <span class='ocr_line' id='line_1_6' title="bbox 51 706 768 774; baseline 0.011 -23"><span class='ocrx_word' id='word_1_29' title='bbox 51 714 93 752; x_wconf 88' lang='lat'>100</span> <span class='ocrx_word' id='word_1_30' title='bbox 108 719 170 752; x_wconf 87' lang='lat' dir='ltr'>nam</span> <span class='ocrx_word' id='word_1_31' title='bbox 182 706 247 754; x_wconf 92' lang='lat' dir='ltr'>mihi</span> <span class='ocrx_word' id='word_1_32' title='bbox 259 709 382 758; x_wconf 89' lang='lat' dir='ltr'>continuo</span> <span class='ocrx_word' id='word_1_33' title='bbox 395 712 479 760; x_wconf 91' lang='lat' dir='ltr'>maior</span> <span class='ocrx_word' id='word_1_34' title='bbox 492 712 638 774; x_wconf 88' lang='lat' dir='ltr'>quaerenda</span> <span class='ocrx_word' id='word_1_35' title='bbox 652 711 717 760; x_wconf 89' lang='lat' dir='ltr'>foret</span> <span class='ocrx_word' id='word_1_36' title='bbox 728 725 768 759; x_wconf 86' lang='lat' dir='ltr'>res</span> 
     </span>
     <span class='ocr_line' id='line_1_7' title="bbox 110 796 703 860; baseline 0.007 -18"><span class='ocrx_word' id='word_1_37' title='bbox 110 803 186 857; x_wconf 90' lang='lat' dir='ltr'>atque</span> <span class='ocrx_word' id='word_1_38' title='bbox 199 796 328 845; x_wconf 88' lang='lat' dir='ltr'>salutandi</span> <span class='ocrx_word' id='word_1_39' title='bbox 342 797 442 860; x_wconf 85' lang='lat' dir='ltr'>plures,</span> <span class='ocrx_word' id='word_1_40' title='bbox 457 799 588 848; x_wconf 85' lang='lat' dir='ltr'>ducendus</span> <span class='ocrx_word' id='word_1_41' title='bbox 600 807 626 848; x_wconf 92' lang='lat' dir='ltr'>et</span> <span class='ocrx_word' id='word_1_42' title='bbox 637 813 703 847; x_wconf 86' lang='lat' dir='ltr'>unus</span> 
     </span>
     <span class='ocr_line' id='line_1_8' title="bbox 110 884 738 950; baseline 0.006 -19"><span class='ocrx_word' id='word_1_43' title='bbox 110 891 135 931; x_wconf 90' lang='lat' dir='ltr'>et</span> <span class='ocrx_word' id='word_1_44' title='bbox 148 896 232 933; x_wconf 90' lang='lat' dir='ltr'>comes</span> <span class='ocrx_word' id='word_1_45' title='bbox 245 884 324 944; x_wconf 89' lang='lat' dir='ltr'>alter,</span> <span class='ocrx_word' id='word_1_46' title='bbox 338 885 376 934; x_wconf 94' lang='lat' dir='ltr'>uti</span> <span class='ocrx_word' id='word_1_47' title='bbox 389 900 421 934; x_wconf 89' lang='lat' dir='ltr'>ne</span> <span class='ocrx_word' id='word_1_48' title='bbox 434 887 504 935; x_wconf 86' lang='lat' dir='ltr'>solus</span> <span class='ocrx_word' id='word_1_49' title='bbox 517 901 590 936; x_wconf 87' lang='lat' dir='ltr'>rusve</span> <span class='ocrx_word' id='word_1_50' title='bbox 602 900 738 950; x_wconf 81' lang='lat' dir='ltr'>peregreve</span> 
     </span>
     <span class='ocr_line' id='line_1_9' title="bbox 110 971 634 1037; baseline 0.011 -19"><span class='ocrx_word' id='word_1_51' title='bbox 110 971 224 1031; x_wconf 82' lang='lat' dir='ltr'>exirem,</span> <span class='ocrx_word' id='word_1_52' title='bbox 239 971 323 1034; x_wconf 89' lang='lat' dir='ltr'>plures</span> <span class='ocrx_word' id='word_1_53' title='bbox 335 973 438 1022; x_wconf 87' lang='lat' dir='ltr'>calones</span> <span class='ocrx_word' id='word_1_54' title='bbox 451 982 528 1037; x_wconf 88' lang='lat' dir='ltr'>atque</span> <span class='ocrx_word' id='word_1_55' title='bbox 540 974 634 1024; x_wconf 81' lang='lat' dir='ltr'><strong>caballi</strong></span> 
     </span>
     <span class='ocr_line' id='line_1_10' title="bbox 111 1060 791 1125; baseline 0.004 -19"><span class='ocrx_word' id='word_1_56' title='bbox 111 1060 250 1122; x_wconf 88' lang='lat' dir='ltr'>pascendi,</span> <span class='ocrx_word' id='word_1_57' title='bbox 265 1061 383 1110; x_wconf 89' lang='lat' dir='ltr'>ducenda</span> <span class='ocrx_word' id='word_1_58' title='bbox 395 1063 532 1125; x_wconf 80' lang='lat' dir='ltr'>petorrita.</span> <span class='ocrx_word' id='word_1_59' title='bbox 559 1078 629 1112; x_wconf 91' lang='lat' dir='ltr'>nunc</span> <span class='ocrx_word' id='word_1_60' title='bbox 640 1063 706 1112; x_wconf 91' lang='lat' dir='ltr'>mihi</span> <span class='ocrx_word' id='word_1_61' title='bbox 718 1070 791 1110; x_wconf 88' lang='lat' dir='ltr'>curto</span> 
     </span>
     <span class='ocr_line' id='line_1_11' title="bbox 58 1147 725 1213; baseline 0.007 -20"><span class='ocrx_word' id='word_1_62' title='bbox 58 1154 98 1193; x_wconf 75' lang='lat' dir='ltr'>roo</span> <span class='ocrx_word' id='word_1_63' title='bbox 112 1148 150 1196; x_wconf 89' lang='lat' dir='ltr'>ire</span> <span class='ocrx_word' id='word_1_64' title='bbox 162 1147 222 1197; x_wconf 89' lang='lat' dir='ltr'>licet</span> <span class='ocrx_word' id='word_1_65' title='bbox 234 1149 304 1196; x_wconf 92' lang='lat' dir='ltr'>mulo</span> <span class='ocrx_word' id='word_1_66' title='bbox 316 1150 356 1198; x_wconf 91' lang='lat' dir='ltr'>vel</span> <span class='ocrx_word' id='word_1_67' title='bbox 368 1149 464 1200; x_wconf 89' lang='lat' dir='ltr'>silibet</span> <span class='ocrx_word' id='word_1_68' title='bbox 476 1165 555 1213; x_wconf 86' lang='lat' dir='ltr'>usque</span> <span class='ocrx_word' id='word_1_69' title='bbox 569 1151 725 1210; x_wconf 79' lang='lat' dir='ltr'>Tarentum,</span> 
     </span>
     <span class='ocr_line' id='line_1_12' title="bbox 113 1236 884 1301; baseline 0.001 -17"><span class='ocrx_word' id='word_1_70' title='bbox 113 1236 227 1284; x_wconf 89' lang='lat' dir='ltr'>mantica</span> <span class='ocrx_word' id='word_1_71' title='bbox 239 1236 281 1285; x_wconf 90' lang='lat' dir='ltr'>cui</span> <span class='ocrx_word' id='word_1_72' title='bbox 293 1236 394 1287; x_wconf 91' lang='lat' dir='ltr'>lumbos</span> <span class='ocrx_word' id='word_1_73' title='bbox 407 1252 484 1288; x_wconf 91' lang='lat' dir='ltr'>onere</span> <span class='ocrx_word' id='word_1_74' title='bbox 497 1238 594 1287; x_wconf 88' lang='lat' dir='ltr'>ulceret</span> <span class='ocrx_word' id='word_1_75' title='bbox 606 1245 684 1301; x_wconf 86' lang='lat' dir='ltr'>atque</span> <span class='ocrx_word' id='word_1_76' title='bbox 696 1252 772 1300; x_wconf 90' lang='lat' dir='ltr'>eques</span> <span class='ocrx_word' id='word_1_77' title='bbox 784 1251 884 1297; x_wconf 83' lang='lat' dir='ltr'>armos3</span> 
     </span>
     <span class='ocr_line' id='line_1_13' title="bbox 114 1322 713 1389; baseline 0.005 -18"><span class='ocrx_word' id='word_1_78' title='bbox 114 1322 209 1373; x_wconf 89' lang='lat' dir='ltr'>obiciet</span> <span class='ocrx_word' id='word_1_79' title='bbox 221 1338 297 1373; x_wconf 88' lang='lat' dir='ltr'>nemo</span> <span class='ocrx_word' id='word_1_80' title='bbox 310 1325 391 1374; x_wconf 84' lang='lat' dir='ltr'>sordis</span> <span class='ocrx_word' id='word_1_81' title='bbox 403 1326 467 1374; x_wconf 89' lang='lat' dir='ltr'>mihi</span> <span class='ocrx_word' id='word_1_82' title='bbox 481 1342 545 1389; x_wconf 88' lang='lat' dir='ltr'>quas</span> <span class='ocrx_word' id='word_1_83' title='bbox 557 1326 619 1386; x_wconf 88' lang='lat' dir='ltr'>tibi,</span> <span class='ocrx_word' id='word_1_84' title='bbox 635 1325 713 1386; x_wconf 88' lang='lat' dir='ltr'>Tilli‚</span> 
     </span>
     <span class='ocr_line' id='line_1_14' title="bbox 113 1411 757 1479; baseline 0.005 -21"><span class='ocrx_word' id='word_1_85' title='bbox 113 1426 172 1459; x_wconf 91' lang='lat' dir='ltr'>cum</span> <span class='ocrx_word' id='word_1_86' title='bbox 186 1411 292 1462; x_wconf 86' lang='lat' dir='ltr'>Tiburte</span> <span class='ocrx_word' id='word_1_87' title='bbox 304 1413 346 1462; x_wconf 87' lang='lat' dir='ltr'>via</span> <span class='ocrx_word' id='word_1_88' title='bbox 358 1423 501 1479; x_wconf 82' lang='lat' dir='ltr'>praetorem</span> <span class='ocrx_word' id='word_1_89' title='bbox 514 1415 627 1477; x_wconf 88' lang='lat' dir='ltr'>quinque</span> <span class='ocrx_word' id='word_1_90' title='bbox 638 1421 757 1464; x_wconf 87' lang='lat' dir='ltr'>secuntur</span> 
     </span>
     <span class='ocr_line' id='line_1_15' title="bbox 114 1500 772 1566; baseline 0.008 -18"><span class='ocrx_word' id='word_1_91' title='bbox 114 1508 138 1549; x_wconf 91' lang='lat' dir='ltr'>te</span> <span class='ocrx_word' id='word_1_92' title='bbox 152 1500 240 1563; x_wconf 86' lang='lat' dir='ltr'>pueri,</span> <span class='ocrx_word' id='word_1_93' title='bbox 255 1500 373 1551; x_wconf 86' lang='lat' dir='ltr'>lasanum</span> <span class='ocrx_word' id='word_1_94' title='bbox 385 1511 516 1566; x_wconf 83' lang='lat' dir='ltr'>portantes</span> <span class='ocrx_word' id='word_1_95' title='bbox 530 1503 772 1566; x_wconf 87' lang='lat' dir='ltr'>oenophorumque.</span> 
     </span>
     <span class='ocr_line' id='line_1_16' title="bbox 62 1589 820 1655; baseline 0.012 -26"><span class='ocrx_word' id='word_1_96' title='bbox 62 1594 100 1631; x_wconf 87' lang='lat'>110</span> <span class='ocrx_word' id='word_1_97' title='bbox 115 1589 164 1636; x_wconf 91' lang='lat' dir='ltr'>hoc</span> <span class='ocrx_word' id='word_1_98' title='bbox 179 1603 225 1653; x_wconf 86' lang='lat' dir='ltr'>ego</span> <span class='ocrx_word' id='word_1_99' title='bbox 239 1591 399 1640; x_wconf 85' lang='lat' dir='ltr'>commodius</span> <span class='ocrx_word' id='word_1_100' title='bbox 412 1606 491 1654; x_wconf 87' lang='lat' dir='ltr'>quam</span> <span class='ocrx_word' id='word_1_101' title='bbox 503 1598 546 1651; x_wconf 88' lang='lat' dir='ltr'>tu,</span> <span class='ocrx_word' id='word_1_102' title='bbox 561 1593 691 1655; x_wconf 88' lang='lat' dir='ltr'>praeclare</span> <span class='ocrx_word' id='word_1_103' title='bbox 703 1600 820 1649; x_wconf 86' lang='lat' dir='ltr'>senator,</span> 
     </span>
     <span class='ocr_line' id='line_1_17' title="bbox 115 1677 766 1741; baseline 0.003 -17"><span class='ocrx_word' id='word_1_104' title='bbox 115 1677 218 1726; x_wconf 89' lang='lat' dir='ltr'>milibus</span> <span class='ocrx_word' id='word_1_105' title='bbox 230 1686 306 1739; x_wconf 89' lang='lat' dir='ltr'>atque</span> <span class='ocrx_word' id='word_1_106' title='bbox 319 1678 377 1726; x_wconf 88' lang='lat' dir='ltr'>aliis</span> <span class='ocrx_word' id='word_1_107' title='bbox 389 1679 461 1731; x_wconf 85' lang='lat' dir='ltr'>vivo.</span> <span class='ocrx_word' id='word_1_108' title='bbox 489 1693 650 1741; x_wconf 89' lang='lat' dir='ltr'>quacumque</span> <span class='ocrx_word' id='word_1_109' title='bbox 662 1677 766 1727; x_wconf 90' lang='lat' dir='ltr'>libidost</span> 
     </span>
     <span class='ocr_line' id='line_1_18' title="bbox 114 1765 739 1828; baseline 0.002 -16"><span class='ocrx_word' id='word_1_110' title='bbox 114 1766 206 1813; x_wconf 84' lang='lat' dir='ltr'>incedo</span> <span class='ocrx_word' id='word_1_111' title='bbox 220 1765 305 1826; x_wconf 85' lang='lat' dir='ltr'>solus,</span> <span class='ocrx_word' id='word_1_112' title='bbox 319 1774 456 1827; x_wconf 89' lang='lat' dir='ltr'>percontor</span> <span class='ocrx_word' id='word_1_113' title='bbox 469 1767 560 1828; x_wconf 88' lang='lat' dir='ltr'>quanti</span> <span class='ocrx_word' id='word_1_114' title='bbox 573 1765 629 1814; x_wconf 87' lang='lat' dir='ltr'>olus</span> <span class='ocrx_word' id='word_1_115' title='bbox 641 1780 672 1814; x_wconf 90' lang='lat' dir='ltr'>ac</span> <span class='ocrx_word' id='word_1_116' title='bbox 684 1765 739 1824; x_wconf 84' lang='lat' dir='ltr'>far,</span> 
     </span>
     <span class='ocr_line' id='line_1_19' title="bbox 115 1853 698 1917; baseline 0 -17"><span class='ocrx_word' id='word_1_117' title='bbox 115 1853 235 1902; x_wconf 85' lang='lat' dir='ltr'>fallacem</span> <span class='ocrx_word' id='word_1_118' title='bbox 248 1854 347 1902; x_wconf 89' lang='lat' dir='ltr'>circum</span> <span class='ocrx_word' id='word_1_119' title='bbox 359 1855 582 1917; x_wconf 87' lang='lat' dir='ltr'>vespertinumque</span> <span class='ocrx_word' id='word_1_120' title='bbox 594 1866 698 1916; x_wconf 90' lang='lat' dir='ltr'>pererro</span> 
     </span>
     <span class='ocr_line' id='line_1_20' title="bbox 116 1940 796 2003; baseline -0.006 -14"><span class='ocrx_word' id='word_1_121' title='bbox 116 1955 191 2003; x_wconf 90' lang='lat' dir='ltr'>saepe</span> <span class='ocrx_word' id='word_1_122' title='bbox 204 1941 306 2001; x_wconf 86' lang='lat' dir='ltr'>forum,</span> <span class='ocrx_word' id='word_1_123' title='bbox 322 1942 417 1992; x_wconf 89' lang='lat' dir='ltr'>adsisto</span> <span class='ocrx_word' id='word_1_124' title='bbox 430 1941 536 1990; x_wconf 84' lang='lat' dir='ltr'>divinis.</span> <span class='ocrx_word' id='word_1_125' title='bbox 562 1942 622 1990; x_wconf 90' lang='lat' dir='ltr'>inde</span> <span class='ocrx_word' id='word_1_126' title='bbox 635 1940 742 1987; x_wconf 90' lang='lat' dir='ltr'>domum</span> <span class='ocrx_word' id='word_1_127' title='bbox 755 1951 796 1986; x_wconf 93' lang='lat' dir='ltr'>me</span> 
     </span>
     <span class='ocr_line' id='line_1_21' title="bbox 63 2028 759 2093; baseline 0 -19"><span class='ocrx_word' id='word_1_128' title='bbox 63 2036 101 2074; x_wconf 72' lang='lat'>115</span> <span class='ocrx_word' id='word_1_129' title='bbox 116 2030 149 2076; x_wconf 83' lang='lat' dir='ltr'>ad</span> <span class='ocrx_word' id='word_1_130' title='bbox 163 2029 233 2091; x_wconf 90' lang='lat' dir='ltr'>porri</span> <span class='ocrx_word' id='word_1_131' title='bbox 246 2036 271 2077; x_wconf 93' lang='lat' dir='ltr'>et</span> <span class='ocrx_word' id='word_1_132' title='bbox 283 2030 371 2079; x_wconf 90' lang='lat' dir='ltr'>ciceris</span> <span class='ocrx_word' id='word_1_133' title='bbox 382 2030 467 2079; x_wconf 84' lang='lat' dir='ltr'>refero</span> <span class='ocrx_word' id='word_1_134' title='bbox 480 2029 616 2093; x_wconf 82' lang='lat' dir='ltr'>laganique</span> <span class='ocrx_word' id='word_1_135' title='bbox 628 2028 759 2086; x_wconf 82' lang='lat' dir='ltr'>eatinum3</span> 
     </span>
     <span class='ocr_line' id='line_1_22' title="bbox 117 2116 745 2181; baseline -0.002 -15"><span class='ocrx_word' id='word_1_136' title='bbox 117 2133 180 2166; x_wconf 84' lang='lat' dir='ltr'>cena</span> <span class='ocrx_word' id='word_1_137' title='bbox 194 2117 352 2165; x_wconf 85' lang='lat' dir='ltr'>ministratur</span> <span class='ocrx_word' id='word_1_138' title='bbox 365 2119 451 2181; x_wconf 89' lang='lat' dir='ltr'>pueris</span> <span class='ocrx_word' id='word_1_139' title='bbox 463 2117 545 2166; x_wconf 86' lang='lat' dir='ltr'>tribus</span> <span class='ocrx_word' id='word_1_140' title='bbox 557 2125 583 2166; x_wconf 86' lang='lat' dir='ltr'>et</span> <span class='ocrx_word' id='word_1_141' title='bbox 594 2116 660 2181; x_wconf 81' lang='lat' dir='ltr'>lapis</span> <span class='ocrx_word' id='word_1_142' title='bbox 672 2116 745 2165; x_wconf 84' lang='lat' dir='ltr'>albus</span> 
     </span>
     <span class='ocr_line' id='line_1_23' title="bbox 117 2205 804 2268; baseline -0.003 -15"><span class='ocrx_word' id='word_1_143' title='bbox 117 2205 212 2268; x_wconf 88' lang='lat' dir='ltr'>pocula</span> <span class='ocrx_word' id='word_1_144' title='bbox 224 2220 284 2253; x_wconf 92' lang='lat' dir='ltr'>cum</span> <span class='ocrx_word' id='word_1_145' title='bbox 297 2205 392 2268; x_wconf 88' lang='lat' dir='ltr'>cyatho</span> <span class='ocrx_word' id='word_1_146' title='bbox 404 2205 456 2253; x_wconf 93' lang='lat' dir='ltr'>duo</span> <span class='ocrx_word' id='word_1_147' title='bbox 468 2205 588 2267; x_wconf 85' lang='lat' dir='ltr'>sustinet,</span> <span class='ocrx_word' id='word_1_148' title='bbox 603 2205 687 2255; x_wconf 84' lang='lat' dir='ltr'>adstat</span> <span class='ocrx_word' id='word_1_149' title='bbox 698 2205 804 2254; x_wconf 87' lang='lat' dir='ltr'>echinus</span> 
     </span>
     <span class='ocr_line' id='line_1_24' title="bbox 118 2292 772 2358; baseline 0.008 -18"><span class='ocrx_word' id='word_1_150' title='bbox 118 2293 190 2353; x_wconf 87' lang='lat' dir='ltr'>vilis,</span> <span class='ocrx_word' id='word_1_151' title='bbox 206 2308 264 2341; x_wconf 91' lang='lat' dir='ltr'>cum</span> <span class='ocrx_word' id='word_1_152' title='bbox 278 2301 367 2357; x_wconf 90' lang='lat' dir='ltr'>patera</span> <span class='ocrx_word' id='word_1_153' title='bbox 380 2301 482 2357; x_wconf 81' lang='lat' dir='ltr'>guttas,</span> <span class='ocrx_word' id='word_1_154' title='bbox 498 2292 631 2358; x_wconf 86' lang='lat' dir='ltr'>Campana</span> <span class='ocrx_word' id='word_1_155' title='bbox 643 2293 772 2358; x_wconf 86' lang='lat' dir='ltr'>supellex.</span> 
     </span>
     <span class='ocr_line' id='line_1_25' title="bbox 119 2381 875 2445; baseline 0 -17"><span class='ocrx_word' id='word_1_156' title='bbox 119 2382 211 2430; x_wconf 88' lang='lat' dir='ltr'>deiude</span> <span class='ocrx_word' id='word_1_157' title='bbox 225 2395 256 2429; x_wconf 92' lang='lat' dir='ltr'>eo</span> <span class='ocrx_word' id='word_1_158' title='bbox 269 2382 424 2443; x_wconf 86' lang='lat' dir='ltr'>dormitum,</span> <span class='ocrx_word' id='word_1_159' title='bbox 439 2396 493 2432; x_wconf 89' lang='lat' dir='ltr'>non</span> <span class='ocrx_word' id='word_1_160' title='bbox 504 2383 644 2445; x_wconf 74' lang='lat' dir='ltr'>sollicitus,</span> <span class='ocrx_word' id='word_1_161' title='bbox 659 2383 724 2431; x_wconf 92' lang='lat' dir='ltr'>mihi</span> <span class='ocrx_word' id='word_1_162' title='bbox 737 2381 807 2445; x_wconf 91' lang='lat' dir='ltr'>quod</span> <span class='ocrx_word' id='word_1_163' title='bbox 820 2395 875 2429; x_wconf 87' lang='lat' dir='ltr'>cras</span> 
     </span>
     <span class='ocr_line' id='line_1_26' title="bbox 69 2470 805 2537; baseline 0.001 -21"><span class='ocrx_word' id='word_1_164' title='bbox 69 2480 104 2517; x_wconf 79' lang='lat' dir='ltr'>rao</span> <span class='ocrx_word' id='word_1_165' title='bbox 119 2470 276 2533; x_wconf 83' lang='lat' dir='ltr'>surgendum</span> <span class='ocrx_word' id='word_1_166' title='bbox 290 2471 323 2520; x_wconf 87' lang='lat' dir='ltr'>sit</span> <span class='ocrx_word' id='word_1_167' title='bbox 335 2486 426 2533; x_wconf 86' lang='lat' dir='ltr'>mane,</span> <span class='ocrx_word' id='word_1_168' title='bbox 441 2471 574 2522; x_wconf 85' lang='lat' dir='ltr'>obeundus</span> <span class='ocrx_word' id='word_1_169' title='bbox 586 2472 706 2537; x_wconf 84' lang='lat' dir='ltr'>Marsya,</span> <span class='ocrx_word' id='word_1_170' title='bbox 721 2471 765 2532; x_wconf 90' lang='lat' dir='ltr'>qui</span> <span class='ocrx_word' id='word_1_171' title='bbox 779 2484 805 2518; x_wconf 90' lang='lat' dir='ltr'>se</span> 
     </span>
     <span class='ocr_line' id='line_1_27' title="bbox 120 2558 759 2625; baseline -0.005 -18"><span class='ocrx_word' id='word_1_172' title='bbox 120 2559 217 2608; x_wconf 86' lang='lat' dir='ltr'>voltum</span> <span class='ocrx_word' id='word_1_173' title='bbox 230 2558 297 2609; x_wconf 88' lang='lat' dir='ltr'>ferre</span> <span class='ocrx_word' id='word_1_174' title='bbox 310 2568 388 2625; x_wconf 83' lang='lat' dir='ltr'>negat</span> <span class='ocrx_word' id='word_1_175' title='bbox 399 2559 542 2610; x_wconf 82' lang='lat' dir='ltr'>Noviorum</span> <span class='ocrx_word' id='word_1_176' title='bbox 555 2573 629 2624; x_wconf 82' lang='lat' dir='ltr'>posse</span> <span class='ocrx_word' id='word_1_177' title='bbox 641 2559 759 2608; x_wconf 88' lang='lat' dir='ltr'>minoris.</span> 
     </span>
     <span class='ocr_line' id='line_1_28' title="bbox 116 2642 859 2718; baseline -0.017 -24"><span class='ocrx_word' id='word_1_178' title='bbox 116 2649 151 2694; x_wconf 78' lang='lat' dir='ltr'>ad</span> <span class='ocrx_word' id='word_1_179' title='bbox 164 2656 282 2709; x_wconf 82' lang='lat' dir='ltr'>quartam</span> <span class='ocrx_word' id='word_1_180' title='bbox 295 2649 386 2701; x_wconf 88' lang='lat' dir='ltr'>iaceo:</span> <span class='ocrx_word' id='word_1_181' title='bbox 403 2659 466 2718; x_wconf 84' lang='lat' dir='ltr'>post</span> <span class='ocrx_word' id='word_1_182' title='bbox 476 2650 552 2702; x_wconf 83' lang='lat' dir='ltr'>hanc</span> <span class='ocrx_word' id='word_1_183' title='bbox 561 2663 647 2715; x_wconf 65' lang='lat' dir='ltr'>regor</span> <span class='ocrx_word' id='word_1_184' title='bbox 659 2656 711 2696; x_wconf 71' lang='lat' dir='ltr'>anu</span> <span class='ocrx_word' id='word_1_185' title='bbox 720 2642 859 2705; x_wconf 52' lang='lat' dir='ltr'>egelsec</span> 
     </span>
    </p>
   </div>
   <div class='ocr_carea' id='block_1_3' title="bbox 0 0 896 3000">
    <p class='ocr_par' dir='ltr' id='par_1_3' title="bbox 0 0 896 3000">
     <span class='ocr_line' id='line_1_29' title="bbox 0 0 896 3000; baseline 0 0"><span class='ocrx_word' id='word_1_186' title='bbox 0 0 896 3000; x_wconf 95' lang='lat' dir='ltr'> </span> 
     </span>
    </p>
   </div>
  </div>
 </body>
</html>
